3038 4980
845 479 886 542 98

300 664 335 726 in
365 663 535 729 discrimen
565 664 683 729 afferre.
715 662 774 727 Kal
807 672 842 743 τῇ
867 664 953 728 τύλει
977 663 1170 735 δατανῶντας
1194 662 1234 726 τά
1258 662 1351 727 οἰκεῖα
1375 663 1418 740 μὲν

301 774 476 849 κινδυνεύειν,
499 797 533 842 se
557 797 679 861 suaque
702 779 735 840 in
759 779 930 843 discrimen
953 777 1063 843 afferre
1087 779 1115 860 6,
1138 779 1190 860 47,
1214 779 1251 858 23
1270 776 1420 841 Herwer-

304 888 405 954 denus
436 910 575 955 sanusne
607 893 647 955 sit
674 892 764 956 loeus
788 891 933 956 dubitare
956 910 990 955 se
1013 890 1098 954 dicit
1123 889 1254 955 Collatia
1276 909 1355 954 uero
1379 891 1420 955 iis

304 1022 387 1086 quae
408 1005 559 1089 leguntur
584 1007 614 1089 2,
640 1004 691 1088 65,
716 1006 732 1066 7
758 1004 833 1082 μηδὲ
855 1011 892 1084 τῇ
916 1001 999 1068 πόλει
1022 1002 1236 1075 κινδυνεύοντας
1258 1009 1290 1068 01
1316 1004 1344 1087 6,
1370 1004 1423 1086 16,

303 1119 322 1181 5
346 1116 397 1182 καὶ
421 1116 464 1196 μὶν
488 1118 617 1198 μετεώρῳ
641 1124 676 1198 τῇ
702 1117 783 1182 πόλει
805 1113 902 1191 ἀξιοῦν
924 1115 1089 1181 κινδυνεύειν
1102 1117 1141 1200 ¹),
1161 1137 1226 1181 non
1246 1118 1341 1183 uideo
1362 1137 1422 1183 0111

302 1232 344 1296 sit
366 1231 585 1297 dubitandum.
608 1232 763 1296 Badhami
787 1234 969 1297 coniectura
988 1232 1051 1314 illa,
1071 1229 1124 1295 aci
1137 1228 1178 1295 ἔτι
1191 1230 1290 1315 τλεύυ,
1304 1252 1418 1316 quam·

300 1347 352 1411 uis
384 1351 477 1411 acuta
507 1366 572 1410 non
605 1346 732 1411 uidetur
763 1365 833 1410 essa
864 1347 1048 1411 necessaria.
1075 1346 1179 1428 130,
1204 1345 1220 1407 1
1246 1343 1420 1423 asiptis

302 1457 342 1522 ἑνὶ
372 1457 452 1540 ἀνδρὶ
483 1463 598 1524 πολλῶν
629 1451 1020 1540 &pertinacissimam
1046 1457 1152 1522 τεκαὶ
1176 1465 1274 1540 χεῖρον
1297 1459 1416 1523 εἰπόντι.

301 1571 415 1657 Neque
450 1573 711 1638 committendum
746 1592 815 1638 esse
850 1577 887 1638 ut
919 1574 1094 1637 multorum
1127 1575 1264 1638 uirtutes
1297 1574 1332 1636 in
1355 1593 1421 1637 uno

303 1687 374 1749 uiro
396 1686 657 1770 periclitarentur.
683 1686 735 1751 810
757 1686 899 1752 Pericles
922 1689 956 1749 in
981 1686 1097 1752 celebri
1120 1688 1261 1752 oratione
1283 1686 1421 1752 funebri.

304 1797 397 1874 Quod
427 1800 691 1884 praepositionem
723 1799 752 1862 ἐν
784 1801 895 1865 attinet
918 1800 971 1864 cfr.
996 1799 1106 1884 Eurip.
1130 1798 1215 1881 cycl.
1241 1801 1306 1862 654
1325 1800 1356 1863 ἕν
1380 1800 1420 1879 τῷ

305 1910 379 1994 Καρὶ
410 1910 624 1990 κινδυνεύσομεν
648 1913 796 1978 0110001.
820 1916 850 1996 4,
875 1913 916 1977 86
939 1913 968 1976 ἕν
990 1911 1156 1993 ἀλλοτρίαις
1180 1917 1301 1992 ψυχαῖς
1324 1912 1420 1977 κινδυ-

304 2025 725 2111 νεύσομεν.Ε111ἱρ.Ιρ11.Τ.
751 2026 945 2091 10571101.
969 2025 1061 2091 Lach.
1087 2028 1148 2090 187
1173 2027 1209 2090 Β.

347 2140 408 2205 De
426 2141 508 2207 bello
538 2142 705 2226 loquentes
736 2141 888 2206 dixerunt
910 2142 1125 2207 Athenienses
1151 2143 1178 2220 1,
1204 2143 1253 2224 78,
1279 2143 1297 2204 2
1323 2165 1420 2218 μνκυ-

303 2254 419 2333 νύμενος
453 2253 510 2336 γάρ
524 2305 531 2321 .
544 2303 552 2317 .
566 2301 596 2317 ..
632 2256 661 2317 ἕν
696 2253 795 2335 ἀδήλῳ
827 2253 1026 2320 κινδυνεύεται.
1058 2255 1185 2320 Bellum
1215 2257 1301 2319 enim
1334 2255 1421 2338 quod

261 2415 263 2419 ι
303 2370 489 2454 producitur
519 2370 707 2454 plerumque
737 2390 830 2435 casus
861 2372 968 2435 uarios
999 2369 1115 2435 habere
1146 2371 1233 2454 solat,
1257 2391 1277 2433 a
1300 2370 1419 2454 quibus

303 2489 335 2550 et
364 2486 480 2569 pariter
510 2483 664 2549 absumus
687 2490 718 2549 et
741 2489 813 2548 utro
836 2484 929 2548 modo
951 2503 1002 2548 ras
1025 2485 1066 2548 sit
1087 2503 1216 2549 cessura
1239 2484 1420 2568 periculosa

303 2598 371 2662 alea
392 2602 541 2663 tentatur.
564 2597 725 2682 Legantur
750 2617 830 2681 quae
853 2599 1065 2662 inueniuntur
1090 2600 1118 2680 1,
1143 2599 1193 2679 20,
1218 2598 1255 2678 3;
1277 2599 1306 2679 3,
1328 2598 1358 2682 5,
1381 2599 1419 2677 3;

303 2713 332 2794 3,
363 2713 415 2794 45,
446 2712 483 2793 6;
515 2716 546 2794 4,
578 2712 651 2802 ill,
683 2713 719 2792 23
753 2712 782 2793 5,
806 2712 835 2793 9,
859 2715 894 2790 2;
928 2711 958 2794 6,
984 2711 1012 2792 9,
1036 2712 1072 2791 3;
1105 2712 1136 2793 8,
1160 2710 1212 2792 45,
1236 2711 1258 2772 4
1282 2714 1313 2774 01
1336 2708 1420 2774 alibi.

302 2823 445 2910 Dignum
469 2826 555 2910 quod
574 2830 838 2890 commemoretur
859 2831 907 2889 est
925 2825 1004 2888 illud
1016 2824 1159 2890 Platonis
1171 2824 1296 2909 Protag.
1312 2824 1420 2887 314A

303 2937 434 3016 κυβεύειν
456 2937 507 3003 καὶ
531 2937 706 3003 κινδυνεύειν.
731 2940 760 3022 5,
781 2940 831 3021 91,
845 2940 862 2999 2
876 2939 1032 3022 reperitur
1043 2935 1260 3010 κινδυνεύεσθαι,
1273 2941 1420 3003 nostrum

305 3054 541 3137 superacutum
562 3053 673 3116 dicunt
691 3052 911 3134 Athenienses,
932 3055 983 3114 καὶ
1003 3048 1066 3130 περὶ
1087 3050 1187 3115 τούτου
1204 3049 1419 3130 ἀμῖνάφείσύυ

302 3164 516 3230 κινδυνεύεσθαι.
540 3202 583 3214 -
608 3169 636 3249 3,
660 3167 711 3248 39,
735 3167 754 3228 8
778 3164 850 3242 ἡμῖν
875 3162 905 3227 δὲ
929 3164 996 3244 πρὸς
1018 3160 1144 3237 ἓκάστνν
1163 3159 1246 3226 σύλιν
1267 3160 1419 3252 ἀτοκεκιν·

305 3277 470 3344 δννεύσεται
492 3279 532 3344 τά
554 3304 587 3343 τε
609 3279 756 3359 χρήματα
779 3276 831 3342 καὶ
854 3275 885 3342 αἱ
906 3276 1015 3357 ψυχαί.
1038 3277 1105 3343 Nos
1129 3281 1237 3342 contra
1249 3279 1352 3342 uitam
1364 3297 1422 3341 no·

305 3399 403 3460 stram
427 3414 464 3458 ao
486 3396 655 3478 pecuniam
678 3395 712 3456 in
734 3393 834 3457 aleam
858 3391 1012 3456 dabimus.
1036 3389 1287 3471 Παρακινδννεύειν
1303 3391 1421 3476 legitur

305 3510 335 3592 4,
358 3509 410 3593 26,
434 3508 470 3590 6;
496 3511 525 3591 3,
549 3509 600 3592 36,
623 3509 652 3571 2.
676 3503 900 3570 Διακινδυνεύειν
924 3508 954 3589 8,
979 3506 1029 3589 79,
1053 3507 1089 3586 3,
1112 3507 1140 3590 l,
1160 3505 1305 3589 63,1;4,
1318 3506 1419 3588 29‚2;

304 3624 333 3705 7,
356 3622 407 3707 60,
431 3623 459 3685 5.
482 3620 583 3706 Saepe
602 3622 696 3687 etiam
716 3619 826 3685 eodem
847 3638 944 3684 sensu
963 3620 1101 3683 occurrit
1118 3616 1255 3690 κίνδυνος.
1274 3621 1304 3703 5,
1317 3618 1370 3703 46,
1384 3619 1420 3699 1;

303 3738 333 3820 3,
357 3737 408 3821 56,
432 3737 469 3817 5;
493 3737 524 3819 4,
547 3735 599 3818 86,
622 3735 657 3816 6;
684 3735 713 3817 7,
738 3735 788 3816 77,
813 3735 841 3795 2.
866 3731 927 3797 011.
952 3733 981 3815 5,
1005 3732 1055 3815 16,
1079 3733 1116 3813 l,
1142 3733 1171 3815 7,
1195 3731 1247 3815 68,
1271 3732 1290 3795 3
1312 3736 1344 3797 01
1363 3732 1422 3796 im·

304 3851 416 3934 primis
440 3851 469 3932 7,
493 3849 544 3932 68,
569 3850 596 3912 3.

348 3961 541 4047 Quicunque
563 3981 630 4027 rem
652 3960 769 4026 laboris
794 3961 886 4024 multi
910 3980 946 4024 ac
969 3960 1101 4045 periculi
1124 3959 1309 4045 aggreditur
1333 3959 1422 4040 ἀναρ-

336 4221 361 4284 1)
378 4223 449 4275 Duae
474 4224 579 4289 quidem
603 4222 727 4288 imagines
750 4219 817 4286 (vide
839 4234 895 4286 pag.
913 4218 957 4284 87)
980 4221 1083 4281 mixtae,
1103 4224 1189 4271 totum
1206 4223 1296 4270 tamen
1315 4233 1369 4271 non
1385 4224 1424 4271 est

301 4314 446 4380 confusum,
462 4316 524 4380 quia
541 4319 601 4365 anta
619 4313 705 4364 omnia
724 4310 853 4376 premitur
871 4311 899 4358 τὸ
917 4309 1060 4361 κινδυνεύειν.
