<?xml version="1.0" encoding="UTF-8"?>
<!DOCTYPE html PUBLIC "-//W3C//DTD XHTML 1.0 Transitional//EN"
    "http://www.w3.org/TR/xhtml1/DTD/xhtml1-transitional.dtd">
<html xmlns="http://www.w3.org/1999/xhtml" xml:lang="en" lang="en">
 <head>
  <title>
</title>
<meta http-equiv="Content-Type" content="text/html;charset=utf-8" />
  <meta name='ocr-system' content='tesseract 3.04.00' />
  <meta name='ocr-capabilities' content='ocr_page ocr_carea ocr_par ocr_line ocrx_word'/>
</head>
<body>
  <div class='ocr_page' id='page_1' title='image "./detranslationib00corsgoog_0093.png"; bbox 0 0 3038 4980; ppageno 0'>
   <div class='ocr_carea' id='block_1_1' title="bbox 740 477 781 539">
    <p class='ocr_par' dir='ltr' id='par_1_1' title="bbox 740 477 781 539">
     <span class='ocr_line' id='line_1_1' title="bbox 740 477 781 539; baseline 0.024 -1"><span class='ocrx_word' id='word_1_1' title='bbox 740 477 781 539; x_wconf 92' lang='grc'>78</span> 
     </span>
    </p>
   </div>
   <div class='ocr_carea' id='block_1_2' title="bbox 197 662 1315 2792">
    <p class='ocr_par' dir='ltr' id='par_1_2' title="bbox 197 662 1315 1636">
     <span class='ocr_line' id='line_1_2' title="bbox 201 662 1314 747; baseline 0.005 -22"><span class='ocrx_word' id='word_1_2' title='bbox 201 662 326 736; x_wconf 81' lang='grc' dir='ltr'><em>πολλοὺς</em></span> <span class='ocrx_word' id='word_1_3' title='bbox 360 663 581 744; x_wconf 63' lang='grc' dir='ltr'>κατατρώσομεν</span> <span class='ocrx_word' id='word_1_4' title='bbox 615 668 645 728; x_wconf 90' lang='lat' dir='ltr'>et</span> <span class='ocrx_word' id='word_1_5' title='bbox 677 662 816 743; x_wconf 80' lang='lat' dir='ltr'>Thucyd.</span> <span class='ocrx_word' id='word_1_6' title='bbox 853 664 880 746; x_wconf 98' lang='grc'>7,</span> <span class='ocrx_word' id='word_1_7' title='bbox 913 664 962 747; x_wconf 91' lang='grc'>79,</span> <span class='ocrx_word' id='word_1_8' title='bbox 994 665 1013 726; x_wconf 84' lang='grc'>2</span> <span class='ocrx_word' id='word_1_9' title='bbox 1047 663 1103 729; x_wconf 93' lang='lat' dir='ltr'>ubi</span> <span class='ocrx_word' id='word_1_10' title='bbox 1133 664 1211 730; x_wconf 88' lang='lat' dir='ltr'>libri</span> <span class='ocrx_word' id='word_1_11' title='bbox 1235 665 1314 731; x_wconf 88' lang='lat' dir='ltr'>dant</span> 
     </span>
     <span class='ocr_line' id='line_1_3' title="bbox 202 774 1312 861; baseline 0.002 -22"><span class='ocrx_word' id='word_1_12' title='bbox 202 774 361 841; x_wconf 80' lang='grc' dir='ltr'><em>διικνοῦντο.</em></span> <span class='ocrx_word' id='word_1_13' title='bbox 395 777 460 843; x_wconf 88' lang='lat' dir='ltr'>Suo</span> <span class='ocrx_word' id='word_1_14' title='bbox 493 780 563 843; x_wconf 91' lang='lat' dir='ltr'>iure</span> <span class='ocrx_word' id='word_1_15' title='bbox 593 778 730 842; x_wconf 81' lang='lat' dir='ltr'>correxit</span> <span class='ocrx_word' id='word_1_16' title='bbox 759 776 1011 858; x_wconf 80' lang='lat' dir='ltr'>Herwerdenus3</span> <span class='ocrx_word' id='word_1_17' title='bbox 1044 797 1126 861; x_wconf 92' lang='lat' dir='ltr'>quae</span> <span class='ocrx_word' id='word_1_18' title='bbox 1156 779 1312 843; x_wconf 89' lang='lat' dir='ltr'>correctio</span> 
     </span>
     <span class='ocr_line' id='line_1_4' title="bbox 204 892 1315 976; baseline 0.003 -22"><span class='ocrx_word' id='word_1_19' title='bbox 204 892 341 956; x_wconf 84' lang='lat' dir='ltr'><strong>ostendit</strong></span> <span class='ocrx_word' id='word_1_20' title='bbox 361 892 433 956; x_wconf 88' lang='lat' dir='ltr'>luce</span> <span class='ocrx_word' id='word_1_21' title='bbox 455 893 571 957; x_wconf 88' lang='lat' dir='ltr'>clarius</span> <span class='ocrx_word' id='word_1_22' title='bbox 595 896 750 975; x_wconf 90' lang='lat' dir='ltr'>quantum</span> <span class='ocrx_word' id='word_1_23' title='bbox 773 892 897 955; x_wconf 91' lang='lat' dir='ltr'>intersit</span> <span class='ocrx_word' id='word_1_24' title='bbox 920 911 984 974; x_wconf 90' lang='lat' dir='ltr'>qua</span> <span class='ocrx_word' id='word_1_25' title='bbox 1006 892 1140 976; x_wconf 79' lang='lat' dir='ltr'><strong>scriptor</strong></span> <span class='ocrx_word' id='word_1_26' title='bbox 1164 912 1246 957; x_wconf 91' lang='lat' dir='ltr'>usus</span> <span class='ocrx_word' id='word_1_27' title='bbox 1269 894 1315 957; x_wconf 89' lang='lat' dir='ltr'>sit</span> 
     </span>
     <span class='ocr_line' id='line_1_5' title="bbox 199 1003 1311 1090; baseline 0.001 -23"><span class='ocrx_word' id='word_1_28' title='bbox 199 1005 337 1089; x_wconf 81' lang='lat' dir='ltr'>imagine</span> <span class='ocrx_word' id='word_1_29' title='bbox 370 1009 454 1070; x_wconf 89' lang='lat' dir='ltr'>recte</span> <span class='ocrx_word' id='word_1_30' title='bbox 483 1007 690 1090; x_wconf 80' lang='lat' dir='ltr'>perspexisse.</span> <span class='ocrx_word' id='word_1_31' title='bbox 721 1003 824 1068; x_wconf 86' lang='lat' dir='ltr'>Sensu</span> <span class='ocrx_word' id='word_1_32' title='bbox 854 1004 1006 1068; x_wconf 88' lang='lat' dir='ltr'>translato</span> <span class='ocrx_word' id='word_1_33' title='bbox 1037 1005 1204 1069; x_wconf 87' lang='lat' dir='ltr'>inuenitur</span> <span class='ocrx_word' id='word_1_34' title='bbox 1224 1005 1311 1089; x_wconf 90' lang='lat' dir='ltr'>apud</span> 
     </span>
     <span class='ocr_line' id='line_1_6' title="bbox 199 1114 1312 1201; baseline 0.001 -20"><span class='ocrx_word' id='word_1_35' title='bbox 199 1116 415 1200; x_wconf 79' lang='lat' dir='ltr'>Thucydidem</span> <span class='ocrx_word' id='word_1_36' title='bbox 452 1119 479 1201; x_wconf 93' lang='grc'>1,</span> <span class='ocrx_word' id='word_1_37' title='bbox 512 1119 563 1201; x_wconf 87' lang='grc'>70,</span> <span class='ocrx_word' id='word_1_38' title='bbox 593 1120 611 1181; x_wconf 85' lang='grc'>2</span> <span class='ocrx_word' id='word_1_39' title='bbox 643 1117 728 1195; x_wconf 79' lang='grc' dir='ltr'><em>ὑμεῖς</em></span> <span class='ocrx_word' id='word_1_40' title='bbox 757 1115 788 1180; x_wconf 80' lang='grc' dir='ltr'>δὲ</span> <span class='ocrx_word' id='word_1_41' title='bbox 817 1114 857 1180; x_wconf 82' lang='grc' dir='ltr'>τῶ</span> <span class='ocrx_word' id='word_1_42' title='bbox 885 1115 1058 1197; x_wconf 77' lang='grc' dir='ltr'><em>ὑπαρχοντῶ</em></span> <span class='ocrx_word' id='word_1_43' title='bbox 1080 1141 1113 1180; x_wconf 88' lang='grc' dir='ltr'>τε</span> <span class='ocrx_word' id='word_1_44' title='bbox 1136 1114 1239 1198; x_wconf 79' lang='grc' dir='ltr'><em>σῴζειν</em></span> <span class='ocrx_word' id='word_1_45' title='bbox 1261 1117 1312 1182; x_wconf 78' lang='grc' dir='ltr'>καὶ</span> 
     </span>
     <span class='ocr_line' id='line_1_7' title="bbox 197 1227 1308 1312; baseline 0.001 -17"><span class='ocrx_word' id='word_1_46' title='bbox 197 1231 350 1308; x_wconf 73' lang='grc' dir='ltr'><em>ἐπιγνῶναι</em></span> <span class='ocrx_word' id='word_1_47' title='bbox 379 1231 470 1309; x_wconf 69' lang='grc' dir='ltr'><em>μηδὲν</em></span> <span class='ocrx_word' id='word_1_48' title='bbox 502 1229 550 1295; x_wconf 75' lang='grc' dir='ltr'>καὶ</span> <span class='ocrx_word' id='word_1_49' title='bbox 580 1228 652 1312; x_wconf 76' lang='grc' dir='ltr'><em>ἔργῳ</em></span> <span class='ocrx_word' id='word_1_50' title='bbox 681 1227 744 1294; x_wconf 70' lang='grc' dir='ltr'>οὐδὲ</span> <span class='ocrx_word' id='word_1_51' title='bbox 773 1227 947 1308; x_wconf 76' lang='grc' dir='ltr'><em>τάναγκαῖα</em></span> <span class='ocrx_word' id='word_1_52' title='bbox 978 1227 1129 1305; x_wconf 77' lang='grc' dir='ltr'><em>ἐξικέσθαι,</em></span> <span class='ocrx_word' id='word_1_53' title='bbox 1165 1233 1222 1296; x_wconf 93' lang='lat' dir='ltr'>ubi</span> <span class='ocrx_word' id='word_1_54' title='bbox 1249 1231 1308 1296; x_wconf 83' lang='lat'>00-</span> 
     </span>
     <span class='ocr_line' id='line_1_8' title="bbox 198 1344 1308 1428; baseline 0.001 -20"><span class='ocrx_word' id='word_1_55' title='bbox 198 1345 307 1409; x_wconf 90' lang='lat' dir='ltr'>rinthii</span> <span class='ocrx_word' id='word_1_56' title='bbox 336 1344 592 1410; x_wconf 79' lang='lat' dir='ltr'>Lacedaemoniis</span> <span class='ocrx_word' id='word_1_57' title='bbox 615 1344 716 1408; x_wconf 90' lang='lat' dir='ltr'>multa</span> <span class='ocrx_word' id='word_1_58' title='bbox 739 1345 966 1427; x_wconf 85' lang='lat' dir='ltr'>exprobrantes</span> <span class='ocrx_word' id='word_1_59' title='bbox 989 1346 1132 1428; x_wconf 91' lang='lat' dir='ltr'>ipsorum</span> <span class='ocrx_word' id='word_1_60' title='bbox 1158 1350 1308 1410; x_wconf 91' lang='lat' dir='ltr'>naturam</span> 
     </span>
     <span class='ocr_line' id='line_1_9' title="bbox 198 1458 1308 1544; baseline 0.005 -24"><span class='ocrx_word' id='word_1_61' title='bbox 198 1458 428 1542; x_wconf 86' lang='lat' dir='ltr'>ingeniumque</span> <span class='ocrx_word' id='word_1_62' title='bbox 457 1460 540 1523; x_wconf 93' lang='lat' dir='ltr'>inter</span> <span class='ocrx_word' id='word_1_63' title='bbox 568 1465 664 1542; x_wconf 91' lang='lat' dir='ltr'>atque</span> <span class='ocrx_word' id='word_1_64' title='bbox 694 1458 940 1523; x_wconf 87' lang='lat' dir='ltr'>Atheniensium</span> <span class='ocrx_word' id='word_1_65' title='bbox 969 1458 1047 1542; x_wconf 92' lang='lat' dir='ltr'>quid</span> <span class='ocrx_word' id='word_1_66' title='bbox 1069 1461 1195 1525; x_wconf 91' lang='lat' dir='ltr'>intersit</span> <span class='ocrx_word' id='word_1_67' title='bbox 1219 1480 1308 1544; x_wconf 88' lang='lat' dir='ltr'>prae·</span> 
     </span>
     <span class='ocr_line' id='line_1_10' title="bbox 200 1571 501 1636; baseline 0.003 -1"><span class='ocrx_word' id='word_1_68' title='bbox 200 1571 283 1635; x_wconf 88' lang='lat' dir='ltr'>clare</span> <span class='ocrx_word' id='word_1_69' title='bbox 305 1578 501 1636; x_wconf 89' lang='lat' dir='ltr'>enumerant.</span> 
     </span>
    </p>

    <p class='ocr_par' dir='ltr' id='par_1_3' title="bbox 199 1683 1310 2446">
     <span class='ocr_line' id='line_1_11' title="bbox 242 1683 1310 1769; baseline 0.006 -23"><span class='ocrx_word' id='word_1_70' title='bbox 242 1683 331 1749; x_wconf 90' lang='lat' dir='ltr'>Inter</span> <span class='ocrx_word' id='word_1_71' title='bbox 353 1685 414 1749; x_wconf 89' lang='lat' dir='ltr'>alia</span> <span class='ocrx_word' id='word_1_72' title='bbox 437 1691 467 1750; x_wconf 92' lang='lat' dir='ltr'>et</span> <span class='ocrx_word' id='word_1_73' title='bbox 489 1686 566 1750; x_wconf 89' lang='lat' dir='ltr'>haec</span> <span class='ocrx_word' id='word_1_74' title='bbox 590 1686 718 1750; x_wconf 89' lang='lat' dir='ltr'>dicunt:</span> <span class='ocrx_word' id='word_1_75' title='bbox 742 1705 802 1749; x_wconf 91' lang='lat' dir='ltr'>uos</span> <span class='ocrx_word' id='word_1_76' title='bbox 825 1705 901 1749; x_wconf 92' lang='lat' dir='ltr'>uero</span> <span class='ocrx_word' id='word_1_77' title='bbox 922 1688 1100 1769; x_wconf 87' lang='lat' dir='ltr'>praesentia</span> <span class='ocrx_word' id='word_1_78' title='bbox 1120 1706 1310 1753; x_wconf 87' lang='lat' dir='ltr'>conservare</span> 
     </span>
     <span class='ocr_line' id='line_1_12' title="bbox 201 1798 1308 1885; baseline 0.005 -24"><span class='ocrx_word' id='word_1_79' title='bbox 201 1801 232 1862; x_wconf 89' lang='lat' dir='ltr'>et</span> <span class='ocrx_word' id='word_1_80' title='bbox 262 1798 308 1861; x_wconf 91' lang='lat' dir='ltr'>nil</span> <span class='ocrx_word' id='word_1_81' title='bbox 339 1799 418 1862; x_wconf 93' lang='lat' dir='ltr'>noui</span> <span class='ocrx_word' id='word_1_82' title='bbox 448 1800 637 1883; x_wconf 86' lang='lat' dir='ltr'>excogitare,</span> <span class='ocrx_word' id='word_1_83' title='bbox 659 1799 741 1863; x_wconf 91' lang='lat' dir='ltr'>facto</span> <span class='ocrx_word' id='word_1_84' title='bbox 772 1804 877 1863; x_wconf 89' lang='lat' dir='ltr'>autem</span> <span class='ocrx_word' id='word_1_85' title='bbox 902 1818 941 1864; x_wconf 90' lang='lat' dir='ltr'>ne</span> <span class='ocrx_word' id='word_1_86' title='bbox 965 1801 1153 1864; x_wconf 90' lang='lat' dir='ltr'>necessariis</span> <span class='ocrx_word' id='word_1_87' title='bbox 1178 1802 1308 1885; x_wconf 91' lang='lat' dir='ltr'>quidem</span> 
     </span>
     <span class='ocr_line' id='line_1_13' title="bbox 201 1911 1308 1997; baseline 0.004 -21"><span class='ocrx_word' id='word_1_88' title='bbox 201 1911 381 1977; x_wconf 84' lang='lat' dir='ltr'>satisfacere</span> <span class='ocrx_word' id='word_1_89' title='bbox 410 1913 527 1977; x_wconf 89' lang='lat' dir='ltr'>soletis.</span> <span class='ocrx_word' id='word_1_90' title='bbox 557 1912 684 1977; x_wconf 88' lang='lat' dir='ltr'>Mallem</span> <span class='ocrx_word' id='word_1_91' title='bbox 716 1914 869 1997; x_wconf 87' lang='lat' dir='ltr'>scriptum</span> <span class='ocrx_word' id='word_1_92' title='bbox 902 1915 957 1976; x_wconf 89' lang='grc' dir='ltr'><em>τῶν</em></span> <span class='ocrx_word' id='word_1_93' title='bbox 987 1912 1155 1990; x_wconf 67' lang='grc' dir='ltr'><em>ἀναγκαίων</em></span> <span class='ocrx_word' id='word_1_94' title='bbox 1188 1953 1229 1962; x_wconf 90' lang='grc'>-</span> <span class='ocrx_word' id='word_1_95' title='bbox 1253 1917 1308 1980; x_wconf 85' lang='lat' dir='ltr'>cfr.</span> 
     </span>
     <span class='ocr_line' id='line_1_14' title="bbox 199 2021 1307 2109; baseline 0.005 -22"><span class='ocrx_word' id='word_1_96' title='bbox 199 2024 309 2109; x_wconf 83' lang='lat' dir='ltr'>Eurip.</span> <span class='ocrx_word' id='word_1_97' title='bbox 342 2026 457 2090; x_wconf 80' lang='lat' dir='ltr'>Electr.</span> <span class='ocrx_word' id='word_1_98' title='bbox 489 2025 551 2089; x_wconf 84' lang='lat'>565</span> <span class='ocrx_word' id='word_1_99' title='bbox 573 2023 603 2089; x_wconf 82' lang='lat' dir='ltr'>ri</span> <span class='ocrx_word' id='word_1_100' title='bbox 624 2025 699 2098; x_wconf 76' lang='grc' dir='ltr'><em>δῆτα</em></span> <span class='ocrx_word' id='word_1_101' title='bbox 721 2024 838 2106; x_wconf 75' lang='grc' dir='ltr'><em>δρῶντες</em></span> <span class='ocrx_word' id='word_1_102' title='bbox 860 2025 937 2089; x_wconf 75' lang='grc' dir='ltr'><em>τοῦδ’</em></span> <span class='ocrx_word' id='word_1_103' title='bbox 962 2022 998 2089; x_wconf 81' lang='grc' dir='ltr'><em>ῶν</em></span> <span class='ocrx_word' id='word_1_104' title='bbox 1021 2021 1184 2104; x_wconf 79' lang='grc' dir='ltr'><em>ἐξικοίμεθα</em></span> <span class='ocrx_word' id='word_1_105' title='bbox 1211 2067 1252 2076; x_wconf 85' lang='grc'>-</span> <span class='ocrx_word' id='word_1_106' title='bbox 1277 2035 1307 2094; x_wconf 86' lang='lat' dir='ltr'>et</span> 
     </span>
     <span class='ocr_line' id='line_1_15' title="bbox 200 2137 1307 2223; baseline 0.002 -20"><span class='ocrx_word' id='word_1_107' title='bbox 200 2138 292 2203; x_wconf 89' lang='lat' dir='ltr'>ualde</span> <span class='ocrx_word' id='word_1_108' title='bbox 314 2140 458 2222; x_wconf 88' lang='lat' dir='ltr'>suspicor</span> <span class='ocrx_word' id='word_1_109' title='bbox 479 2145 552 2223; x_wconf 90' lang='lat' dir='ltr'>post</span> <span class='ocrx_word' id='word_1_110' title='bbox 574 2139 710 2203; x_wconf 88' lang='lat' dir='ltr'>uerbum</span> <span class='ocrx_word' id='word_1_111' title='bbox 732 2139 885 2215; x_wconf 70' lang='grc' dir='ltr'><em>ἐπιγνῶναι</em></span> <span class='ocrx_word' id='word_1_112' title='bbox 904 2139 1099 2204; x_wconf 89' lang='lat' dir='ltr'>adiectinum</span> <span class='ocrx_word' id='word_1_113' title='bbox 1112 2137 1206 2205; x_wconf 74' lang='grc' dir='ltr'><em>ἱκανοὶ</em></span> <span class='ocrx_word' id='word_1_114' title='bbox 1220 2143 1307 2206; x_wconf 81' lang='lat' dir='ltr'>enci·</span> 
     </span>
     <span class='ocr_line' id='line_1_16' title="bbox 201 2249 1309 2336; baseline 0.005 -22"><span class='ocrx_word' id='word_1_115' title='bbox 201 2251 294 2316; x_wconf 89' lang='lat' dir='ltr'>disse.</span> <span class='ocrx_word' id='word_1_116' title='bbox 329 2250 388 2315; x_wconf 82' lang='lat' dir='ltr'>ufr.</span> <span class='ocrx_word' id='word_1_117' title='bbox 423 2252 503 2318; x_wconf 90' lang='lat' dir='ltr'>Plat.</span> <span class='ocrx_word' id='word_1_118' title='bbox 537 2252 635 2336; x_wconf 90' lang='lat' dir='ltr'>Hipp.</span> <span class='ocrx_word' id='word_1_119' title='bbox 670 2251 742 2316; x_wconf 91' lang='lat' dir='ltr'>Mai.</span> <span class='ocrx_word' id='word_1_120' title='bbox 779 2252 839 2315; x_wconf 85' lang='lat'>281</span> <span class='ocrx_word' id='word_1_121' title='bbox 874 2251 902 2316; x_wconf 92' lang='lat' dir='ltr'>D</span> <span class='ocrx_word' id='word_1_122' title='bbox 934 2252 991 2330; x_wconf 78' lang='grc' dir='ltr'>οὐχ</span> <span class='ocrx_word' id='word_1_123' title='bbox 1020 2251 1110 2316; x_wconf 74' lang='grc' dir='ltr'><em>ἱκανοὶ</em></span> <span class='ocrx_word' id='word_1_124' title='bbox 1139 2249 1309 2333; x_wconf 77' lang='grc' dir='ltr'><em>ἐξικνεῖσθαι</em></span> 
     </span>
     <span class='ocr_line' id='line_1_17' title="bbox 200 2363 594 2446; baseline 0 -18"><span class='ocrx_word' id='word_1_125' title='bbox 200 2364 332 2445; x_wconf 75' lang='grc' dir='ltr'><em>Φρονθσει</em></span> <span class='ocrx_word' id='word_1_126' title='bbox 354 2365 401 2430; x_wconf 84' lang='grc' dir='ltr'>ἐπ’</span> <span class='ocrx_word' id='word_1_127' title='bbox 426 2363 594 2446; x_wconf 75' lang='grc' dir='ltr'><em>ἀμφότερα.</em></span> 
     </span>
    </p>

    <p class='ocr_par' dir='ltr' id='par_1_4' title="bbox 200 2479 1307 2792">
     <span class='ocr_line' id='line_1_18' title="bbox 244 2479 1307 2565; baseline 0.004 -22"><span class='ocrx_word' id='word_1_128' title='bbox 244 2479 318 2543; x_wconf 91' lang='lat' dir='ltr'>Huc</span> <span class='ocrx_word' id='word_1_129' title='bbox 340 2482 497 2564; x_wconf 89' lang='lat' dir='ltr'>pertinere</span> <span class='ocrx_word' id='word_1_130' title='bbox 520 2480 672 2545; x_wconf 90' lang='lat' dir='ltr'>uidentur</span> <span class='ocrx_word' id='word_1_131' title='bbox 695 2499 777 2565; x_wconf 91' lang='lat' dir='ltr'>quae</span> <span class='ocrx_word' id='word_1_132' title='bbox 800 2485 980 2564; x_wconf 89' lang='lat' dir='ltr'>sequuntur</span> <span class='ocrx_word' id='word_1_133' title='bbox 1004 2482 1032 2562; x_wconf 95' lang='grc'>7,</span> <span class='ocrx_word' id='word_1_134' title='bbox 1056 2483 1109 2565; x_wconf 87' lang='grc'>48,</span> <span class='ocrx_word' id='word_1_135' title='bbox 1133 2484 1152 2545; x_wconf 86' lang='grc'>3</span> <span class='ocrx_word' id='word_1_136' title='bbox 1176 2482 1223 2546; x_wconf 83' lang='grc' dir='ltr'>ἐπ’</span> <span class='ocrx_word' id='word_1_137' title='bbox 1247 2483 1307 2562; x_wconf 78' lang='grc' dir='ltr'>αμ-</span> 
     </span>
     <span class='ocr_line' id='line_1_19' title="bbox 200 2595 1307 2682; baseline 0.003 -24"><span class='ocrx_word' id='word_1_138' title='bbox 200 2595 310 2676; x_wconf 82' lang='grc' dir='ltr'><em>Φθτερα</em></span> <span class='ocrx_word' id='word_1_139' title='bbox 343 2595 439 2674; x_wconf 77' lang='grc' dir='ltr'><em>ἔχεινε</em></span> <span class='ocrx_word' id='word_1_140' title='bbox 475 2615 557 2679; x_wconf 89' lang='lat' dir='ltr'>quae</span> <span class='ocrx_word' id='word_1_141' title='bbox 592 2615 666 2659; x_wconf 91' lang='lat' dir='ltr'>oum</span> <span class='ocrx_word' id='word_1_142' title='bbox 700 2597 769 2679; x_wconf 88' lang='lat' dir='ltr'>ipse</span> <span class='ocrx_word' id='word_1_143' title='bbox 803 2597 907 2679; x_wconf 87' lang='lat' dir='ltr'>sciret,</span> <span class='ocrx_word' id='word_1_144' title='bbox 940 2615 975 2660; x_wconf 93' lang='lat' dir='ltr'>re</span> <span class='ocrx_word' id='word_1_145' title='bbox 1010 2597 1139 2680; x_wconf 91' lang='lat' dir='ltr'>quidem</span> <span class='ocrx_word' id='word_1_146' title='bbox 1174 2598 1245 2682; x_wconf 89' lang='lat' dir='ltr'>ipsa</span> <span class='ocrx_word' id='word_1_147' title='bbox 1275 2597 1307 2661; x_wconf 95' lang='lat' dir='ltr'>in</span> 
     </span>
     <span class='ocr_line' id='line_1_20' title="bbox 200 2706 1307 2792; baseline 0.003 -19"><span class='ocrx_word' id='word_1_148' title='bbox 200 2714 369 2792; x_wconf 90' lang='lat' dir='ltr'>utramque</span> <span class='ocrx_word' id='word_1_149' title='bbox 401 2712 520 2792; x_wconf 88' lang='lat' dir='ltr'>partem</span> <span class='ocrx_word' id='word_1_150' title='bbox 555 2706 688 2773; x_wconf 89' lang='lat' dir='ltr'>nutabat</span> <span class='ocrx_word' id='word_1_151' title='bbox 718 2712 749 2773; x_wconf 92' lang='lat' dir='ltr'>et</span> <span class='ocrx_word' id='word_1_152' title='bbox 778 2709 876 2772; x_wconf 92' lang='lat' dir='ltr'>animi</span> <span class='ocrx_word' id='word_1_153' title='bbox 908 2709 1066 2775; x_wconf 87' lang='lat' dir='ltr'>haerebat.</span> <span class='ocrx_word' id='word_1_154' title='bbox 1097 2710 1187 2775; x_wconf 90' lang='lat' dir='ltr'>Haec</span> <span class='ocrx_word' id='word_1_155' title='bbox 1209 2712 1307 2777; x_wconf 91' lang='lat' dir='ltr'>uerba</span> 
     </span>
    </p>
   </div>
   <div class='ocr_carea' id='block_1_3' title="bbox 98 2821 1307 2906">
    <p class='ocr_par' dir='ltr' id='par_1_5' title="bbox 98 2821 1307 2906">
     <span class='ocr_line' id='line_1_21' title="bbox 98 2821 1307 2906; baseline 0.002 -21"><span class='ocrx_word' id='word_1_156' title='bbox 98 2855 100 2859; x_wconf 94' lang='lat'>·</span> <span class='ocrx_word' id='word_1_157' title='bbox 201 2824 310 2886; x_wconf 90' lang='lat' dir='ltr'>minus</span> <span class='ocrx_word' id='word_1_158' title='bbox 340 2821 456 2885; x_wconf 86' lang='lat' dir='ltr'>usitata</span> <span class='ocrx_word' id='word_1_159' title='bbox 486 2823 710 2904; x_wconf 88' lang='lat' dir='ltr'>interpretatur</span> <span class='ocrx_word' id='word_1_160' title='bbox 734 2822 819 2905; x_wconf 91' lang='lat' dir='ltr'>quod</span> <span class='ocrx_word' id='word_1_161' title='bbox 842 2824 987 2906; x_wconf 91' lang='lat' dir='ltr'>sequitur</span> <span class='ocrx_word' id='word_1_162' title='bbox 1011 2824 1166 2887; x_wconf 89' lang='lat' dir='ltr'>uerbum:</span> <span class='ocrx_word' id='word_1_163' title='bbox 1191 2822 1307 2888; x_wconf 80' lang='grc' dir='ltr'><em>διασκο-</em></span> 
     </span>
    </p>
   </div>
   <div class='ocr_carea' id='block_1_4' title="bbox 119 2934 1311 4044">
    <p class='ocr_par' dir='ltr' id='par_1_6' title="bbox 119 2934 1311 3587">
     <span class='ocr_line' id='line_1_22' title="bbox 201 2934 1311 3023; baseline 0.005 -26"><span class='ocrx_word' id='word_1_164' title='bbox 201 2939 271 2998; x_wconf 86' lang='grc' dir='ltr'><em>πῶν.</em></span> <span class='ocrx_word' id='word_1_165' title='bbox 302 2934 390 2999; x_wconf 92' lang='lat' dir='ltr'>Haec</span> <span class='ocrx_word' id='word_1_166' title='bbox 420 2953 490 2999; x_wconf 92' lang='lat' dir='ltr'>esse</span> <span class='ocrx_word' id='word_1_167' title='bbox 520 2935 649 2999; x_wconf 88' lang='lat' dir='ltr'>uidetur</span> <span class='ocrx_word' id='word_1_168' title='bbox 678 2936 800 3020; x_wconf 88' lang='lat' dir='ltr'>imago:</span> <span class='ocrx_word' id='word_1_169' title='bbox 825 2937 882 3019; x_wconf 92' lang='lat' dir='ltr'>qui</span> <span class='ocrx_word' id='word_1_170' title='bbox 905 2941 989 3000; x_wconf 89' lang='lat' dir='ltr'>certo</span> <span class='ocrx_word' id='word_1_171' title='bbox 1013 2937 1079 3000; x_wconf 90' lang='lat' dir='ltr'>ictu</span> <span class='ocrx_word' id='word_1_172' title='bbox 1102 2936 1199 3002; x_wconf 87' lang='lat' dir='ltr'>ferire</span> <span class='ocrx_word' id='word_1_173' title='bbox 1221 2941 1311 3023; x_wconf 91' lang='lat' dir='ltr'>cupit</span> 
     </span>
     <span class='ocr_line' id='line_1_23' title="bbox 201 3046 1309 3134; baseline 0.003 -21"><span class='ocrx_word' id='word_1_174' title='bbox 201 3067 334 3132; x_wconf 91' lang='lat' dir='ltr'>scopum</span> <span class='ocrx_word' id='word_1_175' title='bbox 368 3046 432 3112; x_wconf 89' lang='lat' dir='ltr'>sibi</span> <span class='ocrx_word' id='word_1_176' title='bbox 467 3053 618 3131; x_wconf 83' lang='lat' dir='ltr'>proponat</span> <span class='ocrx_word' id='word_1_177' title='bbox 653 3067 782 3113; x_wconf 90' lang='lat' dir='ltr'>necesse</span> <span class='ocrx_word' id='word_1_178' title='bbox 817 3052 873 3133; x_wconf 88' lang='lat' dir='ltr'>est,</span> <span class='ocrx_word' id='word_1_179' title='bbox 908 3068 966 3113; x_wconf 91' lang='lat' dir='ltr'>nec</span> <span class='ocrx_word' id='word_1_180' title='bbox 997 3049 1060 3115; x_wconf 91' lang='lat' dir='ltr'>duo</span> <span class='ocrx_word' id='word_1_181' title='bbox 1083 3056 1190 3134; x_wconf 90' lang='lat' dir='ltr'>petere</span> <span class='ocrx_word' id='word_1_182' title='bbox 1213 3052 1309 3133; x_wconf 86' lang='lat' dir='ltr'>uelit;</span> 
     </span>
     <span class='ocr_line' id='line_1_24' title="bbox 201 3161 1309 3250; baseline 0.004 -26"><span class='ocrx_word' id='word_1_183' title='bbox 201 3163 363 3246; x_wconf 82' lang='lat' dir='ltr'>ignoranti</span> <span class='ocrx_word' id='word_1_184' title='bbox 387 3161 466 3244; x_wconf 91' lang='lat' dir='ltr'>quid</span> <span class='ocrx_word' id='word_1_185' title='bbox 489 3167 574 3245; x_wconf 90' lang='lat' dir='ltr'>petat</span> <span class='ocrx_word' id='word_1_186' title='bbox 597 3162 706 3227; x_wconf 89' lang='lat' dir='ltr'>nullus</span> <span class='ocrx_word' id='word_1_187' title='bbox 730 3182 844 3247; x_wconf 91' lang='lat' dir='ltr'>scopus</span> <span class='ocrx_word' id='word_1_188' title='bbox 868 3183 948 3227; x_wconf 88' lang='lat' dir='ltr'>suus</span> <span class='ocrx_word' id='word_1_189' title='bbox 971 3168 1029 3230; x_wconf 87' lang='lat' dir='ltr'>est.</span> <span class='ocrx_word' id='word_1_190' title='bbox 1053 3163 1114 3228; x_wconf 86' lang='lat' dir='ltr'>Ofr.</span> <span class='ocrx_word' id='word_1_191' title='bbox 1136 3164 1259 3230; x_wconf 88' lang='lat' dir='ltr'>Herod.</span> <span class='ocrx_word' id='word_1_192' title='bbox 1281 3166 1309 3250; x_wconf 93' lang='grc'>6,</span> 
     </span>
     <span class='ocr_line' id='line_1_25' title="bbox 200 3271 1310 3364; baseline 0.005 -25"><span class='ocrx_word' id='word_1_193' title='bbox 200 3277 243 3339; x_wconf 89' lang='grc'>49</span> <span class='ocrx_word' id='word_1_194' title='bbox 267 3272 316 3339; x_wconf 75' lang='grc' dir='ltr'>ἐπὶ</span> <span class='ocrx_word' id='word_1_195' title='bbox 341 3273 426 3356; x_wconf 82' lang='grc' dir='ltr'><em>σφίσι</em></span> <span class='ocrx_word' id='word_1_196' title='bbox 450 3271 583 3353; x_wconf 78' lang='grc' dir='ltr'><em>ἔχοντας.</em></span> <span class='ocrx_word' id='word_1_197' title='bbox 608 3275 688 3340; x_wconf 84' lang='lat' dir='ltr'>inde</span> <span class='ocrx_word' id='word_1_198' title='bbox 711 3283 785 3341; x_wconf 88' lang='lat' dir='ltr'>nata</span> <span class='ocrx_word' id='word_1_199' title='bbox 807 3282 854 3350; x_wconf 83' lang='lat' dir='ltr'>est</span> <span class='ocrx_word' id='word_1_200' title='bbox 874 3276 960 3341; x_wconf 88' lang='lat' dir='ltr'>notio</span> <span class='ocrx_word' id='word_1_201' title='bbox 981 3278 1158 3343; x_wconf 90' lang='lat' dir='ltr'>dubitandi.</span> <span class='ocrx_word' id='word_1_202' title='bbox 1179 3278 1310 3364; x_wconf 87' lang='lat' dir='ltr'>Legitur</span> 
     </span>
     <span class='ocr_line' id='line_1_26' title="bbox 119 3381 1310 3473; baseline 0.002 -18"><span class='ocrx_word' id='word_1_203' title='bbox 119 3381 122 3385; x_wconf 59' lang='grc'><strong>’</strong></span> <span class='ocrx_word' id='word_1_204' title='bbox 201 3391 297 3455; x_wconf 87' lang='lat' dir='ltr'>ctiam</span> <span class='ocrx_word' id='word_1_205' title='bbox 335 3391 363 3471; x_wconf 89' lang='lat'>8,</span> <span class='ocrx_word' id='word_1_206' title='bbox 398 3389 451 3473; x_wconf 88' lang='lat'>85,</span> <span class='ocrx_word' id='word_1_207' title='bbox 484 3391 503 3452; x_wconf 90' lang='lat'>2</span> <span class='ocrx_word' id='word_1_208' title='bbox 536 3387 786 3470; x_wconf 76' lang='grc' dir='ltr'><em>ἐπαμφοτερίζειν.</em></span> <span class='ocrx_word' id='word_1_209' title='bbox 815 3390 886 3454; x_wconf 90' lang='lat' dir='ltr'>Hoc</span> <span class='ocrx_word' id='word_1_210' title='bbox 914 3411 980 3455; x_wconf 89' lang='lat' dir='ltr'>uno</span> <span class='ocrx_word' id='word_1_211' title='bbox 1010 3391 1079 3455; x_wconf 90' lang='lat' dir='ltr'>loco</span> <span class='ocrx_word' id='word_1_212' title='bbox 1112 3394 1253 3457; x_wconf 87' lang='lat' dir='ltr'>occurrit</span> <span class='ocrx_word' id='word_1_213' title='bbox 1275 3413 1310 3457; x_wconf 91' lang='lat' dir='ltr'>ac</span> 
     </span>
     <span class='ocr_line' id='line_1_27' title="bbox 201 3501 1307 3587; baseline 0.002 -21"><span class='ocrx_word' id='word_1_214' title='bbox 201 3503 287 3568; x_wconf 92' lang='lat' dir='ltr'>idem</span> <span class='ocrx_word' id='word_1_215' title='bbox 311 3503 397 3567; x_wconf 90' lang='lat' dir='ltr'>ualet</span> <span class='ocrx_word' id='word_1_216' title='bbox 420 3503 505 3586; x_wconf 89' lang='lat' dir='ltr'>quod</span> <span class='ocrx_word' id='word_1_217' title='bbox 529 3523 610 3586; x_wconf 90' lang='lat' dir='ltr'>quae</span> <span class='ocrx_word' id='word_1_218' title='bbox 632 3504 824 3587; x_wconf 88' lang='lat' dir='ltr'>praecedunt</span> <span class='ocrx_word' id='word_1_219' title='bbox 847 3504 948 3569; x_wconf 89' lang='lat' dir='ltr'>uerba</span> <span class='ocrx_word' id='word_1_220' title='bbox 969 3504 1016 3568; x_wconf 82' lang='grc' dir='ltr'>ἐπ’</span> <span class='ocrx_word' id='word_1_221' title='bbox 1039 3501 1200 3586; x_wconf 78' lang='grc' dir='ltr'><em>ῶρφθτερα</em></span> <span class='ocrx_word' id='word_1_222' title='bbox 1220 3501 1307 3584; x_wconf 79' lang='grc' dir='ltr'><em>ἔχειν.</em></span> 
     </span>
    </p>

    <p class='ocr_par' dir='ltr' id='par_1_7' title="bbox 199 3615 1308 4044">
     <span class='ocr_line' id='line_1_28' title="bbox 243 3615 1308 3701; baseline 0.003 -21"><span class='ocrx_word' id='word_1_223' title='bbox 243 3616 393 3682; x_wconf 91' lang='lat' dir='ltr'>Iaoiendo</span> <span class='ocrx_word' id='word_1_224' title='bbox 428 3636 577 3700; x_wconf 90' lang='lat' dir='ltr'>superare</span> <span class='ocrx_word' id='word_1_225' title='bbox 610 3635 721 3701; x_wconf 87' lang='lat' dir='ltr'>graece</span> <span class='ocrx_word' id='word_1_226' title='bbox 752 3616 869 3682; x_wconf 90' lang='lat' dir='ltr'>dicitur</span> <span class='ocrx_word' id='word_1_227' title='bbox 895 3615 1100 3699; x_wconf 58' lang='lat' dir='ltr'>trepidaturum</span> <span class='ocrx_word' id='word_1_228' title='bbox 1131 3618 1192 3683; x_wconf 86' lang='lat' dir='ltr'>Ofr.</span> <span class='ocrx_word' id='word_1_229' title='bbox 1215 3619 1308 3685; x_wconf 92' lang='lat' dir='ltr'>Hom.</span> 
     </span>
     <span class='ocr_line' id='line_1_29' title="bbox 200 3728 1308 3816; baseline 0.005 -22"><span class='ocrx_word' id='word_1_230' title='bbox 200 3731 236 3795; x_wconf 87' lang='grc' dir='ltr'>Π.</span> <span class='ocrx_word' id='word_1_231' title='bbox 260 3733 311 3814; x_wconf 86' lang='grc'>23,</span> <span class='ocrx_word' id='word_1_232' title='bbox 335 3732 397 3794; x_wconf 89' lang='grc'>637</span> <span class='ocrx_word' id='word_1_233' title='bbox 421 3728 495 3811; x_wconf 77' lang='grc' dir='ltr'><em>δονρὶ</em></span> <span class='ocrx_word' id='word_1_234' title='bbox 518 3730 545 3794; x_wconf 77' lang='grc' dir='ltr'>δ’</span> <span class='ocrx_word' id='word_1_235' title='bbox 568 3728 755 3808; x_wconf 77' lang='grc' dir='ltr'><em>ὑπειρέβαλον</em></span> <span class='ocrx_word' id='word_1_236' title='bbox 779 3728 884 3805; x_wconf 74' lang='grc' dir='ltr'><em>Φνλῆῶ</em></span> <span class='ocrx_word' id='word_1_237' title='bbox 906 3755 938 3795; x_wconf 86' lang='grc' dir='ltr'>τε</span> <span class='ocrx_word' id='word_1_238' title='bbox 958 3729 1011 3796; x_wconf 78' lang='grc' dir='ltr'>καὶ</span> <span class='ocrx_word' id='word_1_239' title='bbox 1023 3730 1188 3814; x_wconf 76' lang='grc' dir='ltr'><em>Πολύδωρον</em></span> <span class='ocrx_word' id='word_1_240' title='bbox 1199 3734 1232 3816; x_wconf 82' lang='lat'>1).</span> <span class='ocrx_word' id='word_1_241' title='bbox 1244 3735 1308 3800; x_wconf 88' lang='lat' dir='ltr'>Me-</span> 
     </span>
     <span class='ocr_line' id='line_1_30' title="bbox 199 3820 1308 3929; baseline 0.005 -21"><span class='ocrx_word' id='word_1_242' title='bbox 199 3846 361 3929; x_wconf 88' lang='lat' dir='ltr'>taphoriee</span> <span class='ocrx_word' id='word_1_243' title='bbox 384 3846 486 3909; x_wconf 91' lang='lat' dir='ltr'>utitur</span> <span class='ocrx_word' id='word_1_244' title='bbox 508 3845 709 3927; x_wconf 83' lang='lat' dir='ltr'>Thucydides</span> <span class='ocrx_word' id='word_1_245' title='bbox 732 3845 761 3929; x_wconf 91' lang='grc'>6,</span> <span class='ocrx_word' id='word_1_246' title='bbox 786 3849 837 3928; x_wconf 89' lang='grc'>23,</span> <span class='ocrx_word' id='word_1_247' title='bbox 861 3849 877 3909; x_wconf 96' lang='lat' dir='ltr'>l</span> <span class='ocrx_word' id='word_1_248' title='bbox 899 3845 982 3910; x_wconf 67' lang='lat' dir='ltr'>ataid</span> <span class='ocrx_word' id='word_1_249' title='bbox 1000 3844 1052 3910; x_wconf 77' lang='grc' dir='ltr'>καὶ</span> <span class='ocrx_word' id='word_1_250' title='bbox 1073 3820 1308 3928; x_wconf 70' lang='grc' dir='ltr'><em>ὑπερβάλλοντες</em></span> 
     </span>
     <span class='ocr_line' id='line_1_31' title="bbox 200 3958 1308 4044; baseline 0.007 -23"><span class='ocrx_word' id='word_1_251' title='bbox 200 3964 262 4032; x_wconf 82' lang='grc' dir='ltr'><em>τοῖς</em></span> <span class='ocrx_word' id='word_1_252' title='bbox 287 3961 385 4022; x_wconf 83' lang='grc' dir='ltr'><em>πῶσιν.</em></span> <span class='ocrx_word' id='word_1_253' title='bbox 413 3958 596 4044; x_wconf 85' lang='lat' dir='ltr'>Oorruptela</span> <span class='ocrx_word' id='word_1_254' title='bbox 618 3960 668 4023; x_wconf 91' lang='lat' dir='ltr'>his</span> <span class='ocrx_word' id='word_1_255' title='bbox 691 3962 801 4025; x_wconf 89' lang='lat' dir='ltr'>uerbis</span> <span class='ocrx_word' id='word_1_256' title='bbox 824 3963 930 4026; x_wconf 88' lang='lat' dir='ltr'>inesse</span> <span class='ocrx_word' id='word_1_257' title='bbox 955 3961 1092 4028; x_wconf 88' lang='lat' dir='ltr'>uidetur.</span> <span class='ocrx_word' id='word_1_258' title='bbox 1117 3960 1205 4038; x_wconf 78' lang='lat' dir='ltr'>Quae</span> <span class='ocrx_word' id='word_1_259' title='bbox 1226 3963 1308 4029; x_wconf 79' lang='lat' dir='ltr'>rnu-</span> 
     </span>
    </p>
   </div>
   <div class='ocr_carea' id='block_1_5' title="bbox 202 4124 346 4134">
    <p class='ocr_par' dir='ltr' id='par_1_8' title="bbox 202 4124 346 4134">
     <span class='ocr_line' id='line_1_32' title="bbox 202 4124 346 4134; baseline 0.007 -1"><span class='ocrx_word' id='word_1_260' title='bbox 202 4124 346 4134; x_wconf 86' lang='lat'>——-</span> 
     </span>
    </p>
   </div>
   <div class='ocr_carea' id='block_1_6' title="bbox 233 4225 1308 4296">
    <p class='ocr_par' dir='ltr' id='par_1_9' title="bbox 233 4225 1308 4296">
     <span class='ocr_line' id='line_1_33' title="bbox 233 4225 1308 4296; baseline 0.005 -19"><span class='ocrx_word' id='word_1_261' title='bbox 233 4225 260 4293; x_wconf 83' lang='lat'>1)</span> <span class='ocrx_word' id='word_1_262' title='bbox 278 4229 340 4280; x_wconf 86' lang='lat' dir='ltr'>Inde</span> <span class='ocrx_word' id='word_1_263' title='bbox 363 4227 505 4295; x_wconf 81' lang='lat' dir='ltr'>significare</span> <span class='ocrx_word' id='word_1_264' title='bbox 532 4230 626 4295; x_wconf 88' lang='lat' dir='ltr'>coepit:</span> <span class='ocrx_word' id='word_1_265' title='bbox 652 4244 779 4295; x_wconf 86' lang='lat' dir='ltr'>superare,</span> <span class='ocrx_word' id='word_1_266' title='bbox 805 4231 909 4282; x_wconf 85' lang='lat' dir='ltr'>uincere</span> <span class='ocrx_word' id='word_1_267' title='bbox 933 4236 963 4282; x_wconf 86' lang='lat' dir='ltr'>ut</span> <span class='ocrx_word' id='word_1_268' title='bbox 989 4231 1081 4282; x_wconf 82' lang='lat' dir='ltr'>Aesch.</span> <span class='ocrx_word' id='word_1_269' title='bbox 1105 4231 1197 4286; x_wconf 89' lang='lat' dir='ltr'>Prom.</span> <span class='ocrx_word' id='word_1_270' title='bbox 1214 4236 1308 4296; x_wconf 72' lang='grc' dir='ltr'><em>βροντῆς</em></span> 
     </span>
    </p>
   </div>
   <div class='ocr_carea' id='block_1_7' title="bbox 201 4319 883 4386">
    <p class='ocr_par' dir='ltr' id='par_1_10' title="bbox 201 4319 883 4386">
     <span class='ocr_line' id='line_1_34' title="bbox 201 4319 883 4386; baseline 0.003 -14"><span class='ocrx_word' id='word_1_271' title='bbox 201 4320 221 4372; x_wconf 82' lang='grc' dir='ltr'>θ’</span> <span class='ocrx_word' id='word_1_272' title='bbox 238 4319 419 4383; x_wconf 75' lang='grc' dir='ltr'><em>ὑπερβάλλοντα</em></span> <span class='ocrx_word' id='word_1_273' title='bbox 437 4322 543 4383; x_wconf 80' lang='grc' dir='ltr'><em>καρτερὸν</em></span> <span class='ocrx_word' id='word_1_274' title='bbox 561 4320 657 4374; x_wconf 83' lang='grc' dir='ltr'><em>κτθπον.</em></span> <span class='ocrx_word' id='word_1_275' title='bbox 676 4321 726 4373; x_wconf 83' lang='lat' dir='ltr'>cfr.</span> <span class='ocrx_word' id='word_1_276' title='bbox 744 4320 883 4386; x_wconf 75' lang='grc' dir='ltr'><em>ὑπερφέρειν.</em></span> 
     </span>
    </p>
   </div>
   <div class='ocr_carea' id='block_1_8' title="bbox 0 0 1524 4980">
    <p class='ocr_par' dir='ltr' id='par_1_11' title="bbox 0 0 1524 4980">
     <span class='ocr_line' id='line_1_35' title="bbox 0 0 1524 4980; baseline 0 0"><span class='ocrx_word' id='word_1_277' title='bbox 0 0 1524 4980; x_wconf 95' lang='lat' dir='ltr'> </span> 
     </span>
    </p>
   </div>
  </div>
 </body>
</html>
