<?xml version="1.0" encoding="UTF-8"?>
<!DOCTYPE html PUBLIC "-//W3C//DTD XHTML 1.0 Transitional//EN"
    "http://www.w3.org/TR/xhtml1/DTD/xhtml1-transitional.dtd">
<html xmlns="http://www.w3.org/1999/xhtml" xml:lang="en" lang="en">
 <head>
  <title>
</title>
<meta http-equiv="Content-Type" content="text/html;charset=utf-8" />
  <meta name='ocr-system' content='tesseract 3.04.00' />
  <meta name='ocr-capabilities' content='ocr_page ocr_carea ocr_par ocr_line ocrx_word'/>
</head>
<body>
  <div class='ocr_page' id='page_1' title='image "./detranslationib00corsgoog_0032.png"; bbox 0 0 3038 4980; ppageno 0'>
   <div class='ocr_carea' id='block_1_1' title="bbox 745 462 785 524">
    <p class='ocr_par' dir='ltr' id='par_1_1' title="bbox 745 462 785 524">
     <span class='ocr_line' id='line_1_1' title="bbox 745 462 785 524; baseline 0 0"><span class='ocrx_word' id='word_1_1' title='bbox 745 462 785 524; x_wconf 96' lang='grc'>17</span> 
     </span>
    </p>
   </div>
   <div class='ocr_carea' id='block_1_2' title="bbox 185 648 1324 3242">
    <p class='ocr_par' dir='ltr' id='par_1_2' title="bbox 197 648 1321 1075">
     <span class='ocr_line' id='line_1_2' title="bbox 198 648 1317 735; baseline 0.002 -21"><span class='ocrx_word' id='word_1_2' title='bbox 198 669 325 714; x_wconf 85' lang='lat' dir='ltr'>merum</span> <span class='ocrx_word' id='word_1_3' title='bbox 348 650 426 714; x_wconf 90' lang='lat' dir='ltr'>haee</span> <span class='ocrx_word' id='word_1_4' title='bbox 449 649 612 713; x_wconf 72' lang='lat' dir='ltr'>translatio</span> <span class='ocrx_word' id='word_1_5' title='bbox 636 651 783 714; x_wconf 82' lang='lat' dir='ltr'>occurrit.</span> <span class='ocrx_word' id='word_1_6' title='bbox 808 648 980 715; x_wconf 90' lang='lat' dir='ltr'>Inuenitur</span> <span class='ocrx_word' id='word_1_7' title='bbox 998 651 1093 714; x_wconf 89' lang='lat' dir='ltr'>etiam</span> <span class='ocrx_word' id='word_1_8' title='bbox 1111 650 1197 735; x_wconf 90' lang='lat' dir='ltr'>apud</span> <span class='ocrx_word' id='word_1_9' title='bbox 1216 650 1317 716; x_wconf 87' lang='lat' dir='ltr'>Hero-</span> 
     </span>
     <span class='ocr_line' id='line_1_3' title="bbox 199 759 1320 849; baseline 0.002 -22"><span class='ocrx_word' id='word_1_10' title='bbox 199 763 312 827; x_wconf 90' lang='lat' dir='ltr'>dotum</span> <span class='ocrx_word' id='word_1_11' title='bbox 334 763 365 846; x_wconf 99' lang='lat'>4,</span> <span class='ocrx_word' id='word_1_12' title='bbox 390 763 431 825; x_wconf 88' lang='grc'>99</span> <span class='ocrx_word' id='word_1_13' title='bbox 455 759 562 833; x_wconf 72' lang='grc' dir='ltr'><strong><em>κόλπος</em></strong></span> <span class='ocrx_word' id='word_1_14' title='bbox 584 768 640 840; x_wconf 74' lang='grc' dir='ltr'>γῆς</span> <span class='ocrx_word' id='word_1_15' title='bbox 662 783 736 848; x_wconf 87' lang='lat' dir='ltr'>pars</span> <span class='ocrx_word' id='word_1_16' title='bbox 758 767 859 828; x_wconf 88' lang='lat' dir='ltr'>terrae</span> <span class='ocrx_word' id='word_1_17' title='bbox 885 763 982 848; x_wconf 85' lang='lat' dir='ltr'>longe</span> <span class='ocrx_word' id='word_1_18' title='bbox 1005 764 1039 826; x_wconf 91' lang='lat' dir='ltr'>in</span> <span class='ocrx_word' id='word_1_19' title='bbox 1059 783 1145 829; x_wconf 87' lang='lat' dir='ltr'>mare</span> <span class='ocrx_word' id='word_1_20' title='bbox 1167 768 1320 849; x_wconf 82' lang='lat' dir='ltr'>porrecta.</span> 
     </span>
     <span class='ocr_line' id='line_1_4' title="bbox 197 877 1321 963; baseline 0.004 -23"><span class='ocrx_word' id='word_1_21' title='bbox 197 879 302 940; x_wconf 79' lang='grc' dir='ltr'><em>Νῶτον</em></span> <span class='ocrx_word' id='word_1_22' title='bbox 336 881 471 962; x_wconf 84' lang='lat' dir='ltr'>tergum,</span> <span class='ocrx_word' id='word_1_23' title='bbox 506 896 571 940; x_wconf 91' lang='lat' dir='ltr'>non</span> <span class='ocrx_word' id='word_1_24' title='bbox 605 878 668 941; x_wconf 92' lang='lat' dir='ltr'>nisi</span> <span class='ocrx_word' id='word_1_25' title='bbox 702 879 859 942; x_wconf 82' lang='lat' dir='ltr'>terminus</span> <span class='ocrx_word' id='word_1_26' title='bbox 897 877 1072 963; x_wconf 83' lang='lat' dir='ltr'>tethnieus,</span> <span class='ocrx_word' id='word_1_27' title='bbox 1104 879 1160 962; x_wconf 90' lang='lat' dir='ltr'>qui</span> <span class='ocrx_word' id='word_1_28' title='bbox 1191 879 1321 963; x_wconf 88' lang='lat' dir='ltr'>dieitur,</span> 
     </span>
     <span class='ocr_line' id='line_1_5' title="bbox 198 991 903 1075; baseline 0 -21"><span class='ocrx_word' id='word_1_29' title='bbox 198 993 355 1072; x_wconf 81' lang='lat' dir='ltr'>occurrit3</span> <span class='ocrx_word' id='word_1_30' title='bbox 380 991 471 1056; x_wconf 92' lang='lat' dir='ltr'>uelut</span> <span class='ocrx_word' id='word_1_31' title='bbox 494 993 524 1075; x_wconf 88' lang='lat'>3,</span> <span class='ocrx_word' id='word_1_32' title='bbox 548 991 624 1074; x_wconf 90' lang='grc'>107,</span> <span class='ocrx_word' id='word_1_33' title='bbox 647 992 667 1054; x_wconf 89' lang='grc'><strong>3</strong></span> <span class='ocrx_word' id='word_1_34' title='bbox 691 995 722 1056; x_wconf 87' lang='lat' dir='ltr'>et</span> <span class='ocrx_word' id='word_1_35' title='bbox 746 992 775 1075; x_wconf 91' lang='grc'>1,</span> <span class='ocrx_word' id='word_1_36' title='bbox 800 992 851 1069; x_wconf 87' lang='grc'>62,</span> <span class='ocrx_word' id='word_1_37' title='bbox 874 993 903 1055; x_wconf 90' lang='grc'>3.</span> 
     </span>
    </p>

    <p class='ocr_par' dir='ltr' id='par_1_3' title="bbox 185 1103 1324 3242">
     <span class='ocr_line' id='line_1_6' title="bbox 244 1103 1315 1191; baseline 0.005 -23"><span class='ocrx_word' id='word_1_38' title='bbox 244 1104 395 1189; x_wconf 81' lang='lat' dir='ltr'>Magnam</span> <span class='ocrx_word' id='word_1_39' title='bbox 418 1103 594 1169; x_wconf 88' lang='lat' dir='ltr'>ubertatem</span> <span class='ocrx_word' id='word_1_40' title='bbox 619 1109 649 1169; x_wconf 89' lang='lat' dir='ltr'>et</span> <span class='ocrx_word' id='word_1_41' title='bbox 672 1106 764 1188; x_wconf 86' lang='lat' dir='ltr'>quasi</span> <span class='ocrx_word' id='word_1_42' title='bbox 787 1105 903 1169; x_wconf 89' lang='lat' dir='ltr'>siluam</span> <span class='ocrx_word' id='word_1_43' title='bbox 928 1105 1137 1171; x_wconf 87' lang='lat' dir='ltr'>transferendi</span> <span class='ocrx_word' id='word_1_44' title='bbox 1161 1106 1315 1191; x_wconf 84' lang='lat' dir='ltr'>praebue·</span> 
     </span>
     <span class='ocr_line' id='line_1_7' title="bbox 198 1216 1318 1304; baseline 0.004 -22"><span class='ocrx_word' id='word_1_45' title='bbox 198 1223 278 1282; x_wconf 88' lang='lat' dir='ltr'>runt</span> <span class='ocrx_word' id='word_1_46' title='bbox 307 1237 423 1282; x_wconf 90' lang='lat' dir='ltr'>manus</span> <span class='ocrx_word' id='word_1_47' title='bbox 453 1217 622 1301; x_wconf 88' lang='lat' dir='ltr'>pedesque.</span> <span class='ocrx_word' id='word_1_48' title='bbox 645 1216 717 1282; x_wconf 82' lang='lat' dir='ltr'>Rite</span> <span class='ocrx_word' id='word_1_49' title='bbox 739 1237 825 1302; x_wconf 89' lang='lat' dir='ltr'>uere,</span> <span class='ocrx_word' id='word_1_50' title='bbox 848 1223 885 1282; x_wconf 88' lang='lat' dir='ltr'>ut</span> <span class='ocrx_word' id='word_1_51' title='bbox 909 1220 1027 1284; x_wconf 94' lang='lat' dir='ltr'>multae</span> <span class='ocrx_word' id='word_1_52' title='bbox 1050 1221 1222 1304; x_wconf 90' lang='lat' dir='ltr'>uariaeque</span> <span class='ocrx_word' id='word_1_53' title='bbox 1247 1220 1318 1286; x_wconf 89' lang='lat' dir='ltr'>diu-</span> 
     </span>
     <span class='ocr_line' id='line_1_8' title="bbox 200 1332 1318 1419; baseline 0.002 -22"><span class='ocrx_word' id='word_1_54' title='bbox 200 1333 350 1397; x_wconf 88' lang='lat' dir='ltr'>dieentur</span> <span class='ocrx_word' id='word_1_55' title='bbox 380 1332 478 1396; x_wconf 87' lang='lat' dir='ltr'>huius</span> <span class='ocrx_word' id='word_1_56' title='bbox 505 1333 632 1416; x_wconf 84' lang='lat' dir='ltr'>generis</span> <span class='ocrx_word' id='word_1_57' title='bbox 654 1332 886 1415; x_wconf 88' lang='lat' dir='ltr'>translationes,</span> <span class='ocrx_word' id='word_1_58' title='bbox 909 1333 948 1397; x_wconf 91' lang='lat' dir='ltr'>ad</span> <span class='ocrx_word' id='word_1_59' title='bbox 977 1333 1060 1397; x_wconf 88' lang='lat' dir='ltr'>hane</span> <span class='ocrx_word' id='word_1_60' title='bbox 1083 1352 1192 1399; x_wconf 91' lang='lat' dir='ltr'>omnes</span> <span class='ocrx_word' id='word_1_61' title='bbox 1214 1335 1318 1419; x_wconf 83' lang='lat' dir='ltr'>legem</span> 
     </span>
     <span class='ocr_line' id='line_1_9' title="bbox 199 1445 1314 1531; baseline 0.002 -21"><span class='ocrx_word' id='word_1_62' title='bbox 199 1451 279 1511; x_wconf 93' lang='lat' dir='ltr'>sunt</span> <span class='ocrx_word' id='word_1_63' title='bbox 301 1445 515 1510; x_wconf 80' lang='lat' dir='ltr'>renouandae:</span> <span class='ocrx_word' id='word_1_64' title='bbox 538 1466 653 1511; x_wconf 91' lang='lat' dir='ltr'>manus</span> <span class='ocrx_word' id='word_1_65' title='bbox 676 1447 853 1530; x_wconf 78' lang='lat' dir='ltr'>prehendit,</span> <span class='ocrx_word' id='word_1_66' title='bbox 876 1466 932 1531; x_wconf 89' lang='lat' dir='ltr'>pes</span> <span class='ocrx_word' id='word_1_67' title='bbox 954 1446 1092 1531; x_wconf 85' lang='lat' dir='ltr'>offendit,</span> <span class='ocrx_word' id='word_1_68' title='bbox 1114 1448 1170 1512; x_wconf 91' lang='lat' dir='ltr'>illa</span> <span class='ocrx_word' id='word_1_69' title='bbox 1189 1450 1257 1512; x_wconf 90' lang='lat' dir='ltr'>uim</span> <span class='ocrx_word' id='word_1_70' title='bbox 1278 1469 1314 1513; x_wconf 91' lang='lat' dir='ltr'>ae</span> 
     </span>
     <span class='ocr_line' id='line_1_10' title="bbox 199 1560 1317 1646; baseline 0.002 -22"><span class='ocrx_word' id='word_1_71' title='bbox 199 1562 377 1645; x_wconf 88' lang='lat' dir='ltr'>potentiam</span> <span class='ocrx_word' id='word_1_72' title='bbox 406 1560 527 1624; x_wconf 84' lang='lat' dir='ltr'>indicat</span> <span class='ocrx_word' id='word_1_73' title='bbox 556 1561 609 1624; x_wconf 89' lang='lat' dir='ltr'>hie</span> <span class='ocrx_word' id='word_1_74' title='bbox 638 1580 715 1625; x_wconf 88' lang='lat' dir='ltr'>uere</span> <span class='ocrx_word' id='word_1_75' title='bbox 745 1565 864 1646; x_wconf 82' lang='lat' dir='ltr'>spectat</span> <span class='ocrx_word' id='word_1_76' title='bbox 895 1562 934 1626; x_wconf 95' lang='lat' dir='ltr'>ad</span> <span class='ocrx_word' id='word_1_77' title='bbox 959 1581 1052 1626; x_wconf 90' lang='lat' dir='ltr'>omne</span> <span class='ocrx_word' id='word_1_78' title='bbox 1076 1562 1164 1646; x_wconf 91' lang='lat' dir='ltr'>quod</span> <span class='ocrx_word' id='word_1_79' title='bbox 1185 1563 1317 1646; x_wconf 89' lang='lat' dir='ltr'>impedit</span> 
     </span>
     <span class='ocr_line' id='line_1_11' title="bbox 200 1673 1318 1759; baseline 0.002 -20"><span class='ocrx_word' id='word_1_80' title='bbox 200 1678 234 1739; x_wconf 89' lang='lat' dir='ltr'>et</span> <span class='ocrx_word' id='word_1_81' title='bbox 264 1673 418 1759; x_wconf 88' lang='lat' dir='ltr'>prohibet,</span> <span class='ocrx_word' id='word_1_82' title='bbox 440 1674 529 1738; x_wconf 90' lang='lat' dir='ltr'>illins</span> <span class='ocrx_word' id='word_1_83' title='bbox 553 1678 601 1738; x_wconf 91' lang='lat' dir='ltr'>est</span> <span class='ocrx_word' id='word_1_84' title='bbox 625 1673 798 1739; x_wconf 84' lang='lat' dir='ltr'>dexteritas</span> <span class='ocrx_word' id='word_1_85' title='bbox 817 1675 916 1739; x_wconf 92' lang='lat' dir='ltr'>huius</span> <span class='ocrx_word' id='word_1_86' title='bbox 940 1694 1017 1740; x_wconf 91' lang='lat' dir='ltr'>uero</span> <span class='ocrx_word' id='word_1_87' title='bbox 1042 1676 1202 1740; x_wconf 84' lang='lat' dir='ltr'>uelocitas.</span> <span class='ocrx_word' id='word_1_88' title='bbox 1226 1676 1318 1741; x_wconf 88' lang='lat' dir='ltr'>Mitto</span> 
     </span>
     <span class='ocr_line' id='line_1_12' title="bbox 200 1785 1320 1873; baseline 0.001 -21"><span class='ocrx_word' id='word_1_89' title='bbox 200 1807 287 1872; x_wconf 88' lang='lat' dir='ltr'>quae</span> <span class='ocrx_word' id='word_1_90' title='bbox 315 1789 468 1873; x_wconf 82' lang='lat' dir='ltr'>leguntur</span> <span class='ocrx_word' id='word_1_91' title='bbox 499 1789 529 1871; x_wconf 92' lang='lat'>4,</span> <span class='ocrx_word' id='word_1_92' title='bbox 561 1788 613 1871; x_wconf 87' lang='lat'>25,</span> <span class='ocrx_word' id='word_1_93' title='bbox 643 1789 665 1850; x_wconf 91' lang='lat'>4</span> <span class='ocrx_word' id='word_1_94' title='bbox 687 1785 763 1869; x_wconf 78' lang='grc' dir='ltr'><em>χειρὶ</em></span> <span class='ocrx_word' id='word_1_95' title='bbox 787 1787 904 1869; x_wconf 72' lang='grc' dir='ltr'>σιδηρᾷ;</span> <span class='ocrx_word' id='word_1_96' title='bbox 929 1794 961 1853; x_wconf 84' lang='lat' dir='ltr'>et</span> <span class='ocrx_word' id='word_1_97' title='bbox 982 1788 1112 1854; x_wconf 88' lang='lat' dir='ltr'>aliunde</span> <span class='ocrx_word' id='word_1_98' title='bbox 1136 1794 1248 1854; x_wconf 91' lang='lat' dir='ltr'>notum</span> <span class='ocrx_word' id='word_1_99' title='bbox 1272 1794 1320 1854; x_wconf 93' lang='lat' dir='ltr'>est</span> 
     </span>
     <span class='ocr_line' id='line_1_13' title="bbox 201 1901 1317 1988; baseline 0.002 -23"><span class='ocrx_word' id='word_1_100' title='bbox 201 1922 336 1966; x_wconf 91' lang='lat' dir='ltr'>manum</span> <span class='ocrx_word' id='word_1_101' title='bbox 371 1902 455 1965; x_wconf 88' lang='lat' dir='ltr'>hane</span> <span class='ocrx_word' id='word_1_102' title='bbox 484 1901 617 1966; x_wconf 84' lang='lat' dir='ltr'>ferream</span> <span class='ocrx_word' id='word_1_103' title='bbox 646 1901 712 1967; x_wconf 85' lang='lat' dir='ltr'>fere</span> <span class='ocrx_word' id='word_1_104' title='bbox 742 1902 826 1967; x_wconf 88' lang='lat' dir='ltr'>idem</span> <span class='ocrx_word' id='word_1_105' title='bbox 858 1903 964 1968; x_wconf 90' lang='lat' dir='ltr'>ualere</span> <span class='ocrx_word' id='word_1_106' title='bbox 987 1903 1072 1986; x_wconf 91' lang='lat' dir='ltr'>qnod</span> <span class='ocrx_word' id='word_1_107' title='bbox 1096 1904 1317 1988; x_wconf 78' lang='lat' dir='ltr'>harpagonum.</span> 
     </span>
     <span class='ocr_line' id='line_1_14' title="bbox 200 2015 1318 2101; baseline 0.001 -20"><span class='ocrx_word' id='word_1_108' title='bbox 200 2015 293 2081; x_wconf 82' lang='lat' dir='ltr'>Haec</span> <span class='ocrx_word' id='word_1_109' title='bbox 311 2018 419 2100; x_wconf 89' lang='lat' dir='ltr'>petius</span> <span class='ocrx_word' id='word_1_110' title='bbox 434 2015 550 2081; x_wconf 88' lang='lat' dir='ltr'>referre</span> <span class='ocrx_word' id='word_1_111' title='bbox 562 2019 664 2082; x_wconf 87' lang='lat' dir='ltr'>iuuat.</span> <span class='ocrx_word' id='word_1_112' title='bbox 677 2015 868 2100; x_wconf 80' lang='lat' dir='ltr'>Saepissime</span> <span class='ocrx_word' id='word_1_113' title='bbox 881 2016 967 2101; x_wconf 89' lang='lat' dir='ltr'>apud</span> <span class='ocrx_word' id='word_1_114' title='bbox 978 2016 1196 2099; x_wconf 82' lang='lat' dir='ltr'>Thucydidem</span> <span class='ocrx_word' id='word_1_115' title='bbox 1209 2037 1318 2083; x_wconf 82' lang='lat' dir='ltr'>oecur-</span> 
     </span>
     <span class='ocr_line' id='line_1_15' title="bbox 200 2125 1318 2212; baseline 0 -17"><span class='ocrx_word' id='word_1_116' title='bbox 200 2136 281 2195; x_wconf 85' lang='lat' dir='ltr'>runt</span> <span class='ocrx_word' id='word_1_117' title='bbox 302 2132 381 2196; x_wconf 86' lang='lat' dir='ltr'>haee</span> <span class='ocrx_word' id='word_1_118' title='bbox 404 2130 518 2196; x_wconf 86' lang='lat' dir='ltr'>uerba:</span> <span class='ocrx_word' id='word_1_119' title='bbox 543 2131 572 2194; x_wconf 84' lang='grc' dir='ltr'>ἕν</span> <span class='ocrx_word' id='word_1_120' title='bbox 595 2128 681 2210; x_wconf 78' lang='grc' dir='ltr'><em>χερσὶ</em></span> <span class='ocrx_word' id='word_1_121' title='bbox 704 2129 864 2208; x_wconf 66' lang='grc' dir='ltr'>γίγνεσθαι,</span> <span class='ocrx_word' id='word_1_122' title='bbox 888 2131 918 2193; x_wconf 84' lang='grc' dir='ltr'>ἐν</span> <span class='ocrx_word' id='word_1_123' title='bbox 939 2129 1040 2212; x_wconf 78' lang='grc' dir='ltr'><em>χερσὶν</em></span> <span class='ocrx_word' id='word_1_124' title='bbox 1063 2125 1142 2204; x_wconf 69' lang='grc' dir='ltr'>εἶναι,</span> <span class='ocrx_word' id='word_1_125' title='bbox 1162 2132 1193 2204; x_wconf 80' lang='grc' dir='ltr'>ἐς</span> <span class='ocrx_word' id='word_1_126' title='bbox 1212 2137 1318 2211; x_wconf 69' lang='grc' dir='ltr'><em>χεῖρας</em></span> 
     </span>
     <span class='ocr_line' id='line_1_16' title="bbox 202 2243 1320 2330; baseline 0.001 -22"><span class='ocrx_word' id='word_1_127' title='bbox 202 2243 284 2318; x_wconf 71' lang='grc' dir='ltr'>ἰέναι,</span> <span class='ocrx_word' id='word_1_128' title='bbox 316 2246 345 2309; x_wconf 82' lang='grc' dir='ltr'>ἐν</span> <span class='ocrx_word' id='word_1_129' title='bbox 375 2243 474 2325; x_wconf 79' lang='grc' dir='ltr'><em>χερσίν</em></span> <span class='ocrx_word' id='word_1_130' title='bbox 503 2244 694 2328; x_wconf 82' lang='lat' dir='ltr'>(comminus</span> <span class='ocrx_word' id='word_1_131' title='bbox 717 2246 748 2328; x_wconf 89' lang='grc'>4,</span> <span class='ocrx_word' id='word_1_132' title='bbox 772 2245 823 2328; x_wconf 88' lang='grc'>69,</span> <span class='ocrx_word' id='word_1_133' title='bbox 849 2247 890 2326; x_wconf 92' lang='grc'>3).</span> <span class='ocrx_word' id='word_1_134' title='bbox 916 2245 1000 2310; x_wconf 83' lang='lat' dir='ltr'>Sunt</span> <span class='ocrx_word' id='word_1_135' title='bbox 1022 2247 1149 2310; x_wconf 87' lang='lat' dir='ltr'>termini</span> <span class='ocrx_word' id='word_1_136' title='bbox 1174 2247 1320 2330; x_wconf 83' lang='lat' dir='ltr'>techniei,</span> 
     </span>
     <span class='ocr_line' id='line_1_17' title="bbox 203 2357 1318 2445; baseline 0.002 -23"><span class='ocrx_word' id='word_1_137' title='bbox 203 2357 324 2442; x_wconf 87' lang='lat' dir='ltr'>quibus</span> <span class='ocrx_word' id='word_1_138' title='bbox 347 2360 379 2422; x_wconf 92' lang='lat' dir='ltr'>in</span> <span class='ocrx_word' id='word_1_139' title='bbox 405 2358 502 2423; x_wconf 90' lang='lat' dir='ltr'>rebus</span> <span class='ocrx_word' id='word_1_140' title='bbox 524 2359 709 2443; x_wconf 88' lang='lat' dir='ltr'>praesertim</span> <span class='ocrx_word' id='word_1_141' title='bbox 734 2358 926 2423; x_wconf 87' lang='lat' dir='ltr'>militaribus</span> <span class='ocrx_word' id='word_1_142' title='bbox 949 2378 1041 2442; x_wconf 88' lang='lat' dir='ltr'>saepe</span> <span class='ocrx_word' id='word_1_143' title='bbox 1064 2363 1201 2425; x_wconf 85' lang='lat' dir='ltr'>utuntur</span> <span class='ocrx_word' id='word_1_144' title='bbox 1224 2363 1318 2445; x_wconf 86' lang='lat' dir='ltr'>serip-</span> 
     </span>
     <span class='ocr_line' id='line_1_18' title="bbox 203 2471 1320 2557; baseline 0 -19"><span class='ocrx_word' id='word_1_145' title='bbox 203 2479 297 2538; x_wconf 87' lang='lat' dir='ltr'>tores.</span> <span class='ocrx_word' id='word_1_146' title='bbox 329 2472 393 2537; x_wconf 90' lang='lat' dir='ltr'>Res</span> <span class='ocrx_word' id='word_1_147' title='bbox 424 2492 489 2536; x_wconf 91' lang='lat' dir='ltr'>non</span> <span class='ocrx_word' id='word_1_148' title='bbox 520 2477 567 2537; x_wconf 87' lang='lat' dir='ltr'>est</span> <span class='ocrx_word' id='word_1_149' title='bbox 599 2471 704 2554; x_wconf 90' lang='lat' dir='ltr'>dubia,</span> <span class='ocrx_word' id='word_1_150' title='bbox 726 2472 773 2535; x_wconf 88' lang='lat' dir='ltr'>nil</span> <span class='ocrx_word' id='word_1_151' title='bbox 786 2494 790 2507; x_wconf 74' lang='lat'><strong><em>¹</em></strong></span> <span class='ocrx_word' id='word_1_152' title='bbox 803 2473 902 2556; x_wconf 84' lang='lat' dir='ltr'>igitur</span> <span class='ocrx_word' id='word_1_153' title='bbox 925 2491 1005 2556; x_wconf 91' lang='lat' dir='ltr'>opus</span> <span class='ocrx_word' id='word_1_154' title='bbox 1028 2477 1076 2537; x_wconf 88' lang='lat' dir='ltr'>est</span> <span class='ocrx_word' id='word_1_155' title='bbox 1098 2472 1242 2557; x_wconf 89' lang='lat' dir='ltr'>testibus,</span> <span class='ocrx_word' id='word_1_156' title='bbox 1265 2474 1320 2539; x_wconf 88' lang='lat' dir='ltr'>sed</span> 
     </span>
     <span class='ocr_line' id='line_1_19' title="bbox 202 2586 1320 2671; baseline 0.001 -19"><span class='ocrx_word' id='word_1_157' title='bbox 202 2607 309 2652; x_wconf 93' lang='lat' dir='ltr'>unum</span> <span class='ocrx_word' id='word_1_158' title='bbox 331 2587 507 2652; x_wconf 89' lang='lat' dir='ltr'>alterumue</span> <span class='ocrx_word' id='word_1_159' title='bbox 528 2586 636 2650; x_wconf 85' lang='lat' dir='ltr'>laeum</span> <span class='ocrx_word' id='word_1_160' title='bbox 662 2606 733 2650; x_wconf 92' lang='lat' dir='ltr'>sum</span> <span class='ocrx_word' id='word_1_161' title='bbox 753 2586 918 2669; x_wconf 88' lang='lat' dir='ltr'>allaturus,</span> <span class='ocrx_word' id='word_1_162' title='bbox 938 2587 977 2651; x_wconf 90' lang='lat' dir='ltr'>de</span> <span class='ocrx_word' id='word_1_163' title='bbox 997 2606 1060 2670; x_wconf 89' lang='lat' dir='ltr'>quo</span> <span class='ocrx_word' id='word_1_164' title='bbox 1079 2607 1181 2671; x_wconf 82' lang='lat' dir='ltr'>pauca</span> <span class='ocrx_word' id='word_1_165' title='bbox 1193 2591 1320 2653; x_wconf 86' lang='lat' dir='ltr'>notasse</span> 
     </span>
     <span class='ocr_line' id='line_1_20' title="bbox 202 2697 1320 2783; baseline 0.001 -19"><span class='ocrx_word' id='word_1_166' title='bbox 202 2700 291 2765; x_wconf 87' lang='lat' dir='ltr'>haud</span> <span class='ocrx_word' id='word_1_167' title='bbox 320 2699 359 2764; x_wconf 82' lang='lat' dir='ltr'>ab</span> <span class='ocrx_word' id='word_1_168' title='bbox 391 2719 425 2764; x_wconf 87' lang='lat' dir='ltr'>re</span> <span class='ocrx_word' id='word_1_169' title='bbox 452 2719 521 2765; x_wconf 83' lang='lat' dir='ltr'>esse</span> <span class='ocrx_word' id='word_1_170' title='bbox 545 2697 716 2765; x_wconf 87' lang='lat' dir='ltr'>uidebitur.</span> <span class='ocrx_word' id='word_1_171' title='bbox 743 2701 771 2783; x_wconf 85' lang='lat'>5,</span> <span class='ocrx_word' id='word_1_172' title='bbox 797 2700 847 2782; x_wconf 86' lang='grc'>72,</span> <span class='ocrx_word' id='word_1_173' title='bbox 872 2702 890 2764; x_wconf 93' lang='grc'><strong>3</strong></span> <span class='ocrx_word' id='word_1_174' title='bbox 913 2699 943 2762; x_wconf 81' lang='grc' dir='ltr'>ἐν</span> <span class='ocrx_word' id='word_1_175' title='bbox 964 2697 1067 2779; x_wconf 74' lang='grc' dir='ltr'><em>χερσὶν</em></span> <span class='ocrx_word' id='word_1_176' title='bbox 1089 2698 1236 2778; x_wconf 69' lang='grc' dir='ltr'><em>ἐγίγνοντο</em></span> <span class='ocrx_word' id='word_1_177' title='bbox 1259 2706 1320 2773; x_wconf 81' lang='grc' dir='ltr'>τοῖς</span> 
     </span>
     <span class='ocr_line' id='line_1_21' title="bbox 202 2811 1322 2902; baseline 0.003 -26"><span class='ocrx_word' id='word_1_178' title='bbox 202 2811 349 2884; x_wconf 71' lang='grc' dir='ltr'><strong><em>ἐναντίοις.</em></strong></span> <span class='ocrx_word' id='word_1_179' title='bbox 380 2812 549 2897; x_wconf 92' lang='lat' dir='ltr'>Nusquam</span> <span class='ocrx_word' id='word_1_180' title='bbox 581 2813 659 2876; x_wconf 91' lang='lat' dir='ltr'>mihi</span> <span class='ocrx_word' id='word_1_181' title='bbox 683 2813 831 2896; x_wconf 89' lang='lat' dir='ltr'>quamuis</span> <span class='ocrx_word' id='word_1_182' title='bbox 855 2813 1023 2902; x_wconf 83' lang='lat' dir='ltr'>diligenter</span> <span class='ocrx_word' id='word_1_183' title='bbox 1045 2813 1210 2898; x_wconf 83' lang='lat' dir='ltr'>indaganti</span> <span class='ocrx_word' id='word_1_184' title='bbox 1232 2815 1322 2880; x_wconf 91' lang='lat' dir='ltr'>inue-</span> 
     </span>
     <span class='ocr_line' id='line_1_22' title="bbox 185 2921 1322 3021; baseline -0.002 -28"><span class='ocrx_word' id='word_1_185' title='bbox 185 2932 275 3021; x_wconf 87' lang='lat' dir='ltr'>nire</span> <span class='ocrx_word' id='word_1_186' title='bbox 298 2929 431 3013; x_wconf 86' lang='lat' dir='ltr'>eontigit</span> <span class='ocrx_word' id='word_1_187' title='bbox 452 2921 570 3011; x_wconf 78' lang='lat' dir='ltr'>lorum,</span> <span class='ocrx_word' id='word_1_188' title='bbox 596 2929 653 3012; x_wconf 91' lang='lat' dir='ltr'>qui</span> <span class='ocrx_word' id='word_1_189' title='bbox 676 2927 762 3011; x_wconf 91' lang='lat' dir='ltr'>quod</span> <span class='ocrx_word' id='word_1_190' title='bbox 782 2927 823 2991; x_wconf 91' lang='lat' dir='ltr'>ad</span> <span class='ocrx_word' id='word_1_191' title='bbox 843 2927 987 2991; x_wconf 89' lang='lat' dir='ltr'>datiuum</span> <span class='ocrx_word' id='word_1_192' title='bbox 1011 2946 1121 2991; x_wconf 83' lang='lat' dir='ltr'>casnm</span> <span class='ocrx_word' id='word_1_193' title='bbox 1142 2928 1253 2992; x_wconf 90' lang='lat' dir='ltr'>attinet</span> <span class='ocrx_word' id='word_1_194' title='bbox 1271 2927 1322 2991; x_wconf 90' lang='lat' dir='ltr'>his</span> 
     </span>
     <span class='ocr_line' id='line_1_23' title="bbox 203 3040 1322 3125; baseline -0.004 -17"><span class='ocrx_word' id='word_1_195' title='bbox 203 3042 315 3108; x_wconf 87' lang='lat' dir='ltr'>uerbis</span> <span class='ocrx_word' id='word_1_196' title='bbox 350 3043 547 3125; x_wconf 80' lang='lat' dir='ltr'>adiunctum,</span> <span class='ocrx_word' id='word_1_197' title='bbox 582 3062 656 3106; x_wconf 87' lang='lat' dir='ltr'>eum</span> <span class='ocrx_word' id='word_1_198' title='bbox 691 3042 742 3124; x_wconf 87' lang='lat' dir='ltr'>iis,</span> <span class='ocrx_word' id='word_1_199' title='bbox 776 3060 857 3124; x_wconf 89' lang='lat' dir='ltr'>quae</span> <span class='ocrx_word' id='word_1_200' title='bbox 892 3061 989 3125; x_wconf 91' lang='lat' dir='ltr'>supra</span> <span class='ocrx_word' id='word_1_201' title='bbox 1022 3041 1154 3105; x_wconf 89' lang='lat' dir='ltr'>laudaui</span> <span class='ocrx_word' id='word_1_202' title='bbox 1187 3040 1322 3106; x_wconf 81' lang='lat' dir='ltr'>conferri</span> 
     </span>
     <span class='ocr_line' id='line_1_24' title="bbox 202 3137 1324 3242; baseline -0.003 -21"><span class='ocrx_word' id='word_1_203' title='bbox 202 3160 320 3242; x_wconf 88' lang='lat' dir='ltr'>posset.</span> <span class='ocrx_word' id='word_1_204' title='bbox 352 3138 458 3232; x_wconf 77' lang='lat' dir='ltr'>Quare</span> <span class='ocrx_word' id='word_1_205' title='bbox 490 3158 598 3221; x_wconf 89' lang='lat' dir='ltr'>neseio</span> <span class='ocrx_word' id='word_1_206' title='bbox 623 3176 665 3219; x_wconf 91' lang='lat' dir='ltr'>an</span> <span class='ocrx_word' id='word_1_207' title='bbox 688 3154 786 3220; x_wconf 88' lang='lat' dir='ltr'>uerba</span> <span class='ocrx_word' id='word_1_208' title='bbox 809 3137 870 3219; x_wconf 82' lang='lat' dir='ltr'>ista</span> <span class='ocrx_word' id='word_1_209' title='bbox 892 3156 991 3219; x_wconf 90' lang='lat' dir='ltr'>etiosa</span> <span class='ocrx_word' id='word_1_210' title='bbox 1014 3160 1076 3226; x_wconf 81' lang='grc' dir='ltr'>τοῖς</span> <span class='ocrx_word' id='word_1_211' title='bbox 1098 3152 1235 3226; x_wconf 65' lang='grc' dir='ltr'><em>ἐναντίοις</em></span> <span class='ocrx_word' id='word_1_212' title='bbox 1259 3156 1324 3219; x_wconf 89' lang='lat' dir='ltr'>sint</span> 
     </span>
    </p>
   </div>
   <div class='ocr_carea' id='block_1_3' title="bbox 171 3271 1324 4266">
    <p class='ocr_par' dir='ltr' id='par_1_4' title="bbox 204 3271 428 3356">
     <span class='ocr_line' id='line_1_25' title="bbox 204 3271 428 3356; baseline -0.013 -19"><span class='ocrx_word' id='word_1_213' title='bbox 204 3271 428 3356; x_wconf 83' lang='lat' dir='ltr'>expungenda.</span> 
     </span>
    </p>

    <p class='ocr_par' dir='ltr' id='par_1_5' title="bbox 171 3376 1323 3692">
     <span class='ocr_line' id='line_1_26' title="bbox 249 3376 1321 3465; baseline -0.003 -17"><span class='ocrx_word' id='word_1_214' title='bbox 249 3385 302 3448; x_wconf 83' lang='grc' dir='ltr'>Ἐν</span> <span class='ocrx_word' id='word_1_215' title='bbox 335 3381 438 3465; x_wconf 74' lang='grc' dir='ltr'><em>χερσὶν</em></span> <span class='ocrx_word' id='word_1_216' title='bbox 469 3376 538 3446; x_wconf 75' lang='grc' dir='ltr'><em>εἶναι</em></span> <span class='ocrx_word' id='word_1_217' title='bbox 571 3404 589 3447; x_wconf 95' lang='lat' dir='ltr'>a</span> <span class='ocrx_word' id='word_1_218' title='bbox 620 3382 853 3447; x_wconf 84' lang='lat' dir='ltr'>consuetudine</span> <span class='ocrx_word' id='word_1_219' title='bbox 883 3383 1039 3446; x_wconf 89' lang='lat' dir='ltr'>sermonis</span> <span class='ocrx_word' id='word_1_220' title='bbox 1069 3400 1136 3444; x_wconf 91' lang='lat' dir='ltr'>non</span> <span class='ocrx_word' id='word_1_221' title='bbox 1159 3380 1321 3462; x_wconf 87' lang='lat' dir='ltr'>abhorret;</span> 
     </span>
     <span class='ocr_line' id='line_1_27' title="bbox 171 3495 1321 3584; baseline -0.005 -21"><span class='ocrx_word' id='word_1_222' title='bbox 171 3577 174 3581; x_wconf 33' lang='grc'>,</span> <span class='ocrx_word' id='word_1_223' title='bbox 201 3498 299 3584; x_wconf 90' lang='lat' dir='ltr'>paulo</span> <span class='ocrx_word' id='word_1_224' title='bbox 323 3518 400 3563; x_wconf 89' lang='lat' dir='ltr'>uere</span> <span class='ocrx_word' id='word_1_225' title='bbox 423 3499 556 3582; x_wconf 85' lang='lat' dir='ltr'>grauius</span> <span class='ocrx_word' id='word_1_226' title='bbox 579 3502 677 3580; x_wconf 89' lang='lat' dir='ltr'>atque</span> <span class='ocrx_word' id='word_1_227' title='bbox 701 3497 878 3581; x_wconf 84' lang='lat' dir='ltr'>elegantius</span> <span class='ocrx_word' id='word_1_228' title='bbox 902 3495 1019 3559; x_wconf 89' lang='lat' dir='ltr'>dieitur</span> <span class='ocrx_word' id='word_1_229' title='bbox 1042 3495 1081 3560; x_wconf 90' lang='lat' dir='ltr'>de</span> <span class='ocrx_word' id='word_1_230' title='bbox 1104 3496 1174 3579; x_wconf 90' lang='lat' dir='ltr'>ipsa</span> <span class='ocrx_word' id='word_1_231' title='bbox 1195 3515 1321 3579; x_wconf 84' lang='lat' dir='ltr'>pugna:</span> 
     </span>
     <span class='ocr_line' id='line_1_28' title="bbox 201 3607 1323 3692; baseline -0.004 -16"><span class='ocrx_word' id='word_1_232' title='bbox 201 3610 256 3676; x_wconf 75' lang='lat' dir='ltr'>aul</span> <span class='ocrx_word' id='word_1_233' title='bbox 281 3607 315 3687; x_wconf 74' lang='grc' dir='ltr'>ἦν</span> <span class='ocrx_word' id='word_1_234' title='bbox 337 3611 354 3685; x_wconf 77' lang='grc' dir='ltr'><strong><em>ἡ</em></strong></span> <span class='ocrx_word' id='word_1_235' title='bbox 379 3609 469 3691; x_wconf 67' lang='grc' dir='ltr'>μάχη</span> <span class='ocrx_word' id='word_1_236' title='bbox 494 3609 620 3692; x_wconf 68' lang='grc' dir='ltr'>καρτερὰ</span> <span class='ocrx_word' id='word_1_237' title='bbox 642 3608 693 3674; x_wconf 70' lang='grc' dir='ltr'>καὶ</span> <span class='ocrx_word' id='word_1_238' title='bbox 720 3610 748 3673; x_wconf 79' lang='grc' dir='ltr'>ἐν</span> <span class='ocrx_word' id='word_1_239' title='bbox 770 3607 854 3690; x_wconf 76' lang='grc' dir='ltr'><em>χερσὶ</em></span> <span class='ocrx_word' id='word_1_240' title='bbox 877 3611 963 3672; x_wconf 70' lang='lat' dir='ltr'>arira</span> <span class='ocrx_word' id='word_1_241' title='bbox 990 3609 1019 3691; x_wconf 89' lang='lat'>6,</span> <span class='ocrx_word' id='word_1_242' title='bbox 1040 3609 1090 3691; x_wconf 87' lang='grc'>70,</span> <span class='ocrx_word' id='word_1_243' title='bbox 1113 3609 1148 3690; x_wconf 88' lang='grc'>1;</span> <span class='ocrx_word' id='word_1_244' title='bbox 1170 3609 1201 3690; x_wconf 89' lang='grc'>4,</span> <span class='ocrx_word' id='word_1_245' title='bbox 1219 3610 1274 3692; x_wconf 88' lang='grc'>43,</span> <span class='ocrx_word' id='word_1_246' title='bbox 1292 3611 1323 3672; x_wconf 88' lang='grc'>3.</span> 
     </span>
    </p>

    <p class='ocr_par' dir='ltr' id='par_1_6' title="bbox 201 3723 1324 3927">
     <span class='ocr_line' id='line_1_29' title="bbox 250 3723 1324 3809; baseline -0.004 -17"><span class='ocrx_word' id='word_1_247' title='bbox 250 3727 304 3799; x_wconf 83' lang='grc' dir='ltr'>Ἐς</span> <span class='ocrx_word' id='word_1_248' title='bbox 326 3732 428 3807; x_wconf 71' lang='grc' dir='ltr'><em>χεῖρας</em></span> <span class='ocrx_word' id='word_1_249' title='bbox 451 3723 520 3789; x_wconf 69' lang='grc' dir='ltr'><em>ἰέναι</em></span> <span class='ocrx_word' id='word_1_250' title='bbox 546 3726 574 3809; x_wconf 93' lang='grc'>7,</span> <span class='ocrx_word' id='word_1_251' title='bbox 599 3726 649 3809; x_wconf 90' lang='grc'>70,</span> <span class='ocrx_word' id='word_1_252' title='bbox 675 3727 693 3788; x_wconf 87' lang='grc'>5</span> <span class='ocrx_word' id='word_1_253' title='bbox 717 3725 834 3789; x_wconf 84' lang='lat' dir='ltr'>dicitur</span> <span class='ocrx_word' id='word_1_254' title='bbox 857 3725 895 3788; x_wconf 87' lang='lat' dir='ltr'>de</span> <span class='ocrx_word' id='word_1_255' title='bbox 918 3725 1099 3806; x_wconf 78' lang='lat' dir='ltr'>classiariis,</span> <span class='ocrx_word' id='word_1_256' title='bbox 1123 3724 1151 3806; x_wconf 94' lang='lat' dir='ltr'>l,</span> <span class='ocrx_word' id='word_1_257' title='bbox 1172 3725 1223 3801; x_wconf 80' lang='lat'>52,</span> <span class='ocrx_word' id='word_1_258' title='bbox 1246 3726 1265 3786; x_wconf 90' lang='grc'><strong>3</strong></span> <span class='ocrx_word' id='word_1_259' title='bbox 1285 3724 1324 3788; x_wconf 84' lang='lat' dir='ltr'>de</span> 
     </span>
     <span class='ocr_line' id='line_1_30' title="bbox 201 3841 879 3927; baseline -0.007 -21"><span class='ocrx_word' id='word_1_260' title='bbox 201 3843 325 3927; x_wconf 87' lang='lat' dir='ltr'>proelio</span> <span class='ocrx_word' id='word_1_261' title='bbox 349 3841 467 3924; x_wconf 84' lang='lat' dir='ltr'>nauali,</span> <span class='ocrx_word' id='word_1_262' title='bbox 490 3841 521 3924; x_wconf 89' lang='grc'>4,</span> <span class='ocrx_word' id='word_1_263' title='bbox 548 3841 598 3923; x_wconf 93' lang='grc'>72,</span> <span class='ocrx_word' id='word_1_264' title='bbox 622 3842 641 3903; x_wconf 91' lang='grc'><strong>3</strong></span> <span class='ocrx_word' id='word_1_265' title='bbox 666 3841 705 3904; x_wconf 92' lang='lat' dir='ltr'>de</span> <span class='ocrx_word' id='word_1_266' title='bbox 727 3841 879 3923; x_wconf 87' lang='lat' dir='ltr'>equitatu.</span> 
     </span>
    </p>

    <p class='ocr_par' dir='ltr' id='par_1_7' title="bbox 202 3947 1323 4266">
     <span class='ocr_line' id='line_1_31' title="bbox 248 3947 1321 4037; baseline -0.004 -19"><span class='ocrx_word' id='word_1_267' title='bbox 248 3954 323 4018; x_wconf 91' lang='lat' dir='ltr'>Uno</span> <span class='ocrx_word' id='word_1_268' title='bbox 360 3958 485 4018; x_wconf 90' lang='lat' dir='ltr'>tantum</span> <span class='ocrx_word' id='word_1_269' title='bbox 518 3954 588 4017; x_wconf 88' lang='lat' dir='ltr'>loeo</span> <span class='ocrx_word' id='word_1_270' title='bbox 622 3955 650 4037; x_wconf 84' lang='lat'>3,</span> <span class='ocrx_word' id='word_1_271' title='bbox 673 3955 724 4036; x_wconf 88' lang='grc'>82,</span> <span class='ocrx_word' id='word_1_272' title='bbox 749 3954 768 4015; x_wconf 88' lang='grc'>8</span> <span class='ocrx_word' id='word_1_273' title='bbox 791 3950 855 4032; x_wconf 75' lang='grc' dir='ltr'>χείρ</span> <span class='ocrx_word' id='word_1_274' title='bbox 880 3952 964 4016; x_wconf 91' lang='lat' dir='ltr'>idem</span> <span class='ocrx_word' id='word_1_275' title='bbox 989 3951 1075 4015; x_wconf 85' lang='lat' dir='ltr'>ualet</span> <span class='ocrx_word' id='word_1_276' title='bbox 1100 3951 1185 4034; x_wconf 91' lang='lat' dir='ltr'>quod</span> <span class='ocrx_word' id='word_1_277' title='bbox 1209 3947 1321 4027; x_wconf 72' lang='grc' dir='ltr'>βίαεῆ</span> 
     </span>
     <span class='ocr_line' id='line_1_32' title="bbox 202 4065 1323 4150; baseline -0.002 -19"><span class='ocrx_word' id='word_1_278' title='bbox 202 4066 280 4149; x_wconf 74' lang='grc' dir='ltr'><em>χειρὶ</em></span> <span class='ocrx_word' id='word_1_279' title='bbox 303 4067 446 4146; x_wconf 74' lang='grc' dir='ltr'>κτώμενοι</span> <span class='ocrx_word' id='word_1_280' title='bbox 470 4067 502 4132; x_wconf 75' lang='grc' dir='ltr'>τὸ</span> <span class='ocrx_word' id='word_1_281' title='bbox 525 4075 649 4149; x_wconf 66' lang='grc' dir='ltr'>κρατεῖν.</span> <span class='ocrx_word' id='word_1_282' title='bbox 673 4067 715 4132; x_wconf 79' lang='lat' dir='ltr'>Et</span> <span class='ocrx_word' id='word_1_283' title='bbox 737 4067 835 4132; x_wconf 85' lang='lat' dir='ltr'>semel</span> <span class='ocrx_word' id='word_1_284' title='bbox 859 4085 988 4150; x_wconf 89' lang='lat' dir='ltr'>qnoque</span> <span class='ocrx_word' id='word_1_285' title='bbox 1012 4067 1054 4148; x_wconf 84' lang='lat'>(3,</span> <span class='ocrx_word' id='word_1_286' title='bbox 1080 4065 1131 4150; x_wconf 87' lang='grc'>96,</span> <span class='ocrx_word' id='word_1_287' title='bbox 1154 4066 1184 4146; x_wconf 88' lang='grc'>3)</span> <span class='ocrx_word' id='word_1_288' title='bbox 1197 4067 1323 4148; x_wconf 84' lang='lat' dir='ltr'>saepius</span> 
     </span>
     <span class='ocr_line' id='line_1_33' title="bbox 203 4177 1323 4266; baseline -0.006 -18"><span class='ocrx_word' id='word_1_289' title='bbox 203 4188 312 4248; x_wconf 90' lang='lat' dir='ltr'>tamen</span> <span class='ocrx_word' id='word_1_290' title='bbox 346 4183 430 4266; x_wconf 93' lang='lat' dir='ltr'>apud</span> <span class='ocrx_word' id='word_1_291' title='bbox 459 4181 659 4246; x_wconf 87' lang='lat' dir='ltr'>Herodotum</span> <span class='ocrx_word' id='word_1_292' title='bbox 691 4200 759 4245; x_wconf 88' lang='lat' dir='ltr'>eam</span> <span class='ocrx_word' id='word_1_293' title='bbox 791 4183 859 4245; x_wconf 93' lang='lat' dir='ltr'>uim</span> <span class='ocrx_word' id='word_1_294' title='bbox 888 4179 1035 4263; x_wconf 91' lang='lat' dir='ltr'>obtinuit,</span> <span class='ocrx_word' id='word_1_295' title='bbox 1058 4184 1095 4243; x_wconf 94' lang='lat' dir='ltr'>ut</span> <span class='ocrx_word' id='word_1_296' title='bbox 1116 4199 1175 4263; x_wconf 86' lang='lat' dir='ltr'>pre</span> <span class='ocrx_word' id='word_1_297' title='bbox 1199 4177 1323 4256; x_wconf 69' lang='grc' dir='ltr'>δύναμις</span> 
     </span>
    </p>
   </div>
   <div class='ocr_carea' id='block_1_4' title="bbox 204 4292 1323 4456">
    <p class='ocr_par' dir='ltr' id='par_1_8' title="bbox 204 4292 1323 4456">
     <span class='ocr_line' id='line_1_34' title="bbox 204 4292 1323 4384; baseline -0.005 -20"><span class='ocrx_word' id='word_1_298' title='bbox 204 4301 247 4364; x_wconf 88' lang='lat' dir='ltr'>sit</span> <span class='ocrx_word' id='word_1_299' title='bbox 266 4299 407 4384; x_wconf 91' lang='lat' dir='ltr'>positum</span> <span class='ocrx_word' id='word_1_300' title='bbox 428 4297 633 4363; x_wconf 83' lang='lat' dir='ltr'>uocabulum.</span> <span class='ocrx_word' id='word_1_301' title='bbox 653 4296 707 4368; x_wconf 83' lang='grc' dir='ltr'>Ἐς</span> <span class='ocrx_word' id='word_1_302' title='bbox 726 4302 832 4377; x_wconf 69' lang='grc' dir='ltr'><em>χεῖρας</em></span> <span class='ocrx_word' id='word_1_303' title='bbox 843 4292 914 4358; x_wconf 75' lang='lat' dir='ltr'>la&#39;var</span> <span class='ocrx_word' id='word_1_304' title='bbox 927 4295 1026 4380; x_wconf 84' lang='lat' dir='ltr'>uulgo</span> <span class='ocrx_word' id='word_1_305' title='bbox 1039 4294 1197 4379; x_wconf 85' lang='lat' dir='ltr'>signifieat</span> <span class='ocrx_word' id='word_1_306' title='bbox 1208 4314 1323 4359; x_wconf 88' lang='lat' dir='ltr'>manns</span> 
     </span>
     <span class='ocr_line' id='line_1_35' title="bbox 1205 4407 1222 4456; baseline 0 0"><span class='ocrx_word' id='word_1_307' title='bbox 1205 4407 1222 4456; x_wconf 83' lang='lat' dir='ltr'>a</span> 
     </span>
    </p>
   </div>
   <div class='ocr_carea' id='block_1_5' title="bbox 0 0 1533 4980">
    <p class='ocr_par' dir='ltr' id='par_1_9' title="bbox 0 0 1533 4980">
     <span class='ocr_line' id='line_1_36' title="bbox 0 0 1533 4980; baseline 0 0"><span class='ocrx_word' id='word_1_308' title='bbox 0 0 1533 4980; x_wconf 95' lang='lat' dir='ltr'> </span> 
     </span>
    </p>
   </div>
  </div>
 </body>
</html>
