3038 4980
678 491 697 552 9

124 679 198 744 Non
223 680 262 743 de
285 679 410 763 quouis,
433 677 536 761 credo,
561 679 711 762 scriptore
730 678 918 744 Aristoteles
937 681 1016 744 haec
1036 682 1171 764 scripsit,
1184 682 1241 745 sed

126 795 165 858 de
197 812 243 876 eo,
270 795 326 876 qui
356 791 445 856 nulla
467 810 501 856 re
523 792 697 877 impeditus
720 813 816 858 suum
839 797 964 858 tantum
988 795 1134 880 sequitur
1158 795 1241 859 iudi-

125 909 228 986 cium,
263 925 330 970 non
364 906 403 969 de
437 924 483 988 eo,
519 907 575 988 qui
609 908 752 971 imitatur
786 908 977 991 exemplum,
1008 908 1064 972 sed
1095 910 1151 993 qui
1173 911 1242 993 ipse

124 1022 248 1107 ingenii
282 1021 332 1084 sui
368 1021 403 1083 ui
433 1020 504 1084 aliis
534 1021 715 1105 exemplum
746 1023 937 1086 imitandum
968 1025 1123 1107 proponit.
1146 1022 1240 1088 Eius·

125 1135 213 1199 modi
235 1135 369 1218 scriptor
391 1133 419 1196 is
442 1137 491 1197 est
514 1135 607 1198 cuius
632 1136 667 1197 in
689 1133 798 1199 uerbis
821 1137 913 1199 utin
937 1137 1076 1221 speculis
1100 1138 1241 1201 comitur

125 1253 249 1313 natura.
285 1246 389 1322 Quare
424 1267 498 1311 oum
532 1249 572 1312 iis
606 1268 670 1312 non
704 1248 784 1313 facio
820 1251 876 1334 qui
910 1249 1020 1314 dicunt
1052 1250 1240 1334 Euripidem

125 1363 245 1427 multas
277 1363 433 1445 imagines
464 1383 483 1425 a
513 1364 593 1425 mari
623 1363 752 1446 petiisse
782 1363 870 1449 quod
900 1366 996 1429 maris
1020 1370 1104 1430 esset
1127 1366 1241 1430 accola.

128 1473 209 1540 Φασὶ
241 1473 271 1539 δὲ
298 1474 385 1539 αὐτὸν
408 1475 436 1538 ἐν
459 1481 614 1554 Σαλαμῖνι
637 1475 779 1551 σπήλαιον
803 1475 1072 1543 κατασκευάσαντα
1095 1478 1243 1552 ἀναπνοὴν

126 1587 198 1670 ἔχον
232 1589 271 1661 εἰς
306 1587 359 1661 τήν
390 1586 543 1653 θάλασσαν
573 1590 666 1653 ἐκεῖσε
698 1588 868 1671 διημερεύειν
898 1589 1050 1672 Φεύγοντα
1073 1591 1120 1655 τὸν
1142 1589 1245 1670 ὄχλον·
1274 1666 1277 1672 Δ

127 1701 188 1768 ὅθεν
218 1700 270 1766 καὶ
301 1703 333 1766 ἐκ
364 1699 515 1776 θαλάσσας
545 1701 697 1780 λαμβάνει
728 1702 783 1775 τὰς
813 1702 928 1776 πλείους
956 1707 1012 1768 τῶν
1043 1703 1201 1782 ὁμοιασὲιιν
1213 1705 1244 1788 1).

127 1817 215 1882 Num
250 1817 289 1881 ad
320 1836 407 1881 mare
431 1819 458 1880 si
482 1837 543 1880 non
568 1817 742 1882 habitasset
763 1818 933 1902 Euripides
957 1820 1007 1883 his
1030 1820 1245 1884 translationi-

128 1931 192 2006 bus
215 1950 280 1995 non
303 1935 386 1996 esset
407 1932 511 1994 usus?
535 1930 637 1995 Immo
661 1931 867 1997 Atheniensis
890 1953 965 1997 oum
988 1938 1072 1999 esset
1090 1933 1160 1998 fieri
1179 1954 1244 1998 non

128 2049 251 2131 poterat
286 2047 365 2129 quin
398 2064 484 2108 mare
515 2064 553 2109 ac
583 2065 683 2110 naues
714 2048 884 2131 omniaque
914 2048 953 2111 ad
985 2068 1022 2112 ea
1046 2067 1128 2133 quae
1150 2049 1245 2133 perti·

130 2164 229 2225 neant
263 2179 338 2224 eum
372 2159 565 2223 adducerent
599 2159 638 2223 ab
670 2160 711 2224 iis
741 2180 815 2224 suas
845 2165 882 2223 ut
913 2164 1053 2225 sumeret
1083 2180 1245 2245 compara-

128 2276 233 2339 tiones
268 2278 299 2338 et
333 2264 546 2356 metaphoras
571 2272 643 2337 Non
673 2275 775 2359 ipsius
804 2274 969 2358 Euripidis
999 2276 1165 2359 ingenium
1189 2275 1245 2339 scd

129 2391 229 2454 totius
263 2389 374 2474 popuii
408 2390 501 2453 cuius
531 2394 598 2453 erat
627 2389 750 2453 indoles
780 2410 817 2453 ac
848 2394 961 2454 natura
983 2391 1041 2454 has
1063 2391 1096 2452 in
1120 2389 1246 2472 scriptis

132 2504 303 2589 progenuit
331 2504 487 2587 imagines
518 2507 549 2567 et
572 2504 779 2586 metaphorae,
805 2505 922 2588 quibus
947 2523 1057 2568 omnes
1080 2504 1120 2567 ad
1143 2523 1246 2567 unum

132 2619 168 2681 in
193 2635 338 2682 sermone
362 2617 519 2680 cotidiano
544 2618 592 2680 uti
615 2617 708 2700 quasi
731 2616 934 2701 cogebantur.

177 2732 230 2797 Sic
253 2734 349 2797 etiam
373 2733 480 2816 opinio
503 2732 717 2816 praeiudicata
740 2751 833 2816 saepe
856 2730 959 2796 obfuit
978 2733 1056 2816 quin
1077 2732 1116 2796 de
1134 2734 1250 2795 natura

133 2853 229 2933 atque
251 2849 380 2932 ingenio
402 2847 598 2928 Thucydidis
620 2848 743 2911 iustum
766 2846 901 2911 ferretur
922 2847 1086 2911 iudicium.

179 2961 264 3038 Quot
295 2962 440 3026 diuersas
471 2962 546 3025 olim
575 2961 668 3025 multi
691 2980 797 3045 neque
819 2963 844 3025 ii
866 2963 912 3025 rei
934 2963 1037 3046 ignari
1060 2961 1099 3025 de
1123 2979 1249 3024 summo

132 3079 221 3142 uiro.
239 3077 374 3160 eiusque
407 3094 509 3160 opere,
544 3093 668 3139 summo
704 3074 835 3139 artificio
870 3074 1016 3158 perfecto,
1047 3053 1250 3158 protulerunt

135 3191 326 3256 sententias!
350 3188 467 3274 Magna
489 3188 631 3273 profecto
654 3189 725 3253 laus
749 3193 796 3254 est
820 3208 903 3274 quae
927 3210 945 3253 a
968 3188 1119 3253 Cicerone
1142 3190 1172 3252 ei
1196 3188 1251 3251 tri-

134 3307 262 3371 buitur:
290 3304 509 3387 „Thucydides
522 3304 544 3387 2)
568 3323 678 3368 omnes
702 3304 828 3368 dicendi
851 3303 984 3368 artificio
1004 3323 1075 3368 mea
1094 3304 1250 3368 sententia

134 3420 227 3484 facile
257 3420 346 3502 uicit,
377 3420 434 3503 qui
465 3420 510 3482 ita
533 3417 641 3483 creber
666 3422 713 3483 est
735 3397 843 3482 rerum
866 3417 1054 3502 frequentia,
1077 3421 1113 3481 ut
1136 3416 1250 3481 uerbo-

134 3555 207 3599 rum
234 3552 331 3618 prope
353 3552 526 3596 numerum
549 3534 778 3596 sententiarum
803 3552 937 3596 numero
961 3535 1184 3615 consequatur,
1206 3533 1251 3594 ita

136 3668 230 3733 porro
264 3647 371 3711 verbis
406 3651 454 3710 est
488 3650 582 3731 aptus
616 3652 648 3711 et
676 3666 816 3731 pressus,
847 3651 883 3711 ut
913 3648 1038 3712 nescias
1069 3649 1177 3710 utrum
1201 3665 1252 3710 res

136 3763 277 3827 oratione
308 3781 348 3824 an
378 3759 477 3824 uerba
501 3762 667 3826 sententiis
690 3760 924 3826 illustrentur.’'
948 3760 993 3824 At
1014 3759 1162 3842 Dionysii
1184 3760 1250 3824 Ha·

133 3877 374 3940 licarnassensis
408 3875 565 3939 iudicium
598 3876 636 3939 de
666 3875 851 3956 Thucydide
883 3875 940 3960 qui
963 3876 1049 3960 legit,
1072 3895 1136 3939 uno
1160 3876 1252 3959 quasi

135 3994 265 4075 aspectu
297 3991 442 4053 intuetur
477 4008 574 4072 quam
612 3990 817 4054 uehementer
848 3993 955 4074 carpat
988 4008 1025 4053 ac
1059 3991 1250 4074 perstringat

138 4158 282 4168 ———

169 4248 197 4315 1)
215 4248 274 4300 Uita
291 4247 378 4312 Eurip.
396 4247 434 4299 ed.
451 4246 550 4298 Nauck.
569 4262 606 4299 vs.
622 4246 664 4298 61.

169 4340 195 4406 2)
211 4341 261 4392 Cic.
277 4340 308 4391 de
325 4338 394 4392 Orat.
412 4338 507 4407 11,13,
524 4338 564 4390 56.
583 4339 633 4392 Cir.
650 4337 682 4392 93
698 4343 725 4390 et
743 4341 816 4391 Brut.
835 4338 875 4406 29,
894 4338 952 4392 287.
