3038 4980
728 500 791 565 123
894 523 897 530 ¹

200 690 370 771 capiuntur
392 683 583 766 αἰχμάλωτοι
609 686 767 751 dicuntur.
790 687 869 753 Indo
892 690 1054 755 translatio
1077 691 1170 756 haee:
1189 685 1309 769 αΙχμοέ-

201 814 286 865 λιστον
316 807 379 874 νῆες
410 802 439 883 8,
473 800 544 883 107,
578 802 607 863 2.
633 799 695 877 Qui
718 819 753 866 se
775 821 898 886 suaque
921 802 960 867 ab
981 805 1071 870 hoste
1093 810 1162 870 tuta
1185 823 1312 870 seruare

201 919 312 998 potest,
320 915 439 979 dieitur
451 911 607 997 διασώζειν,
620 914 705 997 quod
718 934 814 980 sensu
826 915 891 981 fero
904 920 1030 1002 proprio
1041 919 1158 1003 legitur
1170 920 1199 1002 5,
1213 919 1263 1001 33,
1276 919 1313 999 2,

201 1027 353 1092 translato
375 1046 453 1094 uero
480 1029 510 1111 5,
532 1027 585 1110 46,
609 1029 626 1090 1
652 1027 812 1094 fortunam
836 1028 1000 1095 florentem
1024 1050 1160 1115 seruare,
1179 1033 1209 1115 2,
1229 1032 1313 1115 62,3

200 1142 395 1207 incolumem
418 1160 548 1207 seruare
566 1140 753 1224 libertatern,
773 1140 955 1219 εὐδαιμονίαν
973 1141 1160 1224 διασώζονται
1180 1146 1210 1226 3,
1222 1144 1273 1227 39,
1281 1147 1310 1207 4.

242 1255 399 1320 Existunt
420 1274 653 1338 nonnunquam
677 1257 733 1338 qui
756 1254 979 1340 belligerantes
1001 1259 1035 1321 in
1054 1259 1188 1342 gratiam
1200 1276 1310 1323 roson-

199 1370 308 1434 ciliane
329 1373 500 1451 conantur3
521 1373 678 1432 uooantur
698 1365 887 1452 iraaaatarar,
906 1360 1129 1454 paoffioatores.
1148 1370 1200 1436 Sio
1212 1390 1310 1436 sensu

197 1483 350 1549 translato
382 1486 413 1566 4,
441 1483 491 1567 60,
516 1484 533 1546 1
558 1481 615 1548 ubi
636 1485 742 1568 agitur
764 1483 803 1548 de
825 1484 1085 1569 Atheniensibus,
1108 1485 1221 1571 quiid
1244 1484 1310 1550 effi·

198 1599 289 1661 aiunt
311 1604 348 1664 51
371 1595 470 1661 Siculi
494 1595 615 1661 bellum
638 1573 941 1681 componantsRaro
960 1599 1060 1663 Attioi
1070 1601 1115 1663 ita
1126 1599 1311 1682 loquuntur.

199 1711 261 1776 on.
292 1716 399 1777 tamen
429 1709 519 1775 Dem.
553 1711 603 1793 14,
630 1710 689 1792 4⁰3
714 1711 767 1793 48,
789 1712 818 1773 2.
841 1710 934 1776 Pacis
958 1712 1194 1777 conditionibus
1218 1731 1311 1796 saepe

199 1826 327 1891 obsides
360 1831 456 1911 atque
490 1826 622 1908 pignora
655 1825 860 1907 imperantur.
891 1824 961 1889 Hae
991 1825 1065 1890 inde
1088 1826 1310 1890 translationes
1392 1890 1396 1896 ,

201 1942 230 2023 1,
266 1941 316 2023 82,
349 1942 370 2002 4
405 1937 448 2016 μὴ
480 1937 537 2018 γὰρ
567 1935 642 2002 ἄλλο
671 1960 699 2001 τι
731 1937 867 2016 νομίσητε
895 1937 948 2011 τὴν
970 1944 1026 2017 γῆν
1049 1941 1146 2004 αὐτῶν
1168 1937 1185 2013 ἢ
1209 1936 1311 2018 ὅμηρον

198 2051 280 2132 ἔχειν
314 2076 339 2116 κ.
360 2076 387 2116 τ.
406 2066 435 2120 a.
469 2051 557 2117 Nihil
586 2054 670 2116 enirn
702 2052 798 2135 aliud,
828 2054 856 2117 si
886 2073 998 2137 agrurn
1028 2073 1138 2118 eorum
1161 2053 1311 2137 habeatis,

200 2187 298 2252 quam
333 2166 472 2233 obsidem
508 2165 623 2231 habere
658 2167 785 2250 putetis.
820 2165 880 2230 Ofr.
912 2165 1021 2248 Polyb.
1053 2170 1082 2249 3,
1107 2169 1168 2248 52,
1183 2169 1210 2230 5.
1240 2166 1310 2232 liu.

201 2282 230 2365 5,
260 2282 303 2344 42
330 2300 395 2345 555
418 2282 526 2345 omnia
548 2281 741 2346 oonoremari
765 2284 857 2363 taeta,
879 2286 916 2345 ut
937 2283 1053 2365 pignus
1077 2281 1117 2346 ad
1139 2281 1311 2347 flectendos

198 2396 341 2460 hostium
372 2395 495 2459 animos
525 2394 684 2458 haberent.
716 2392 869 2459 Eiusdem
900 2400 947 2458 est
976 2397 1101 2478 generis
1125 2395 1154 2465 ἐς
1178 2393 1311 2474 ὁμηρείαν

201 2511 232 2592 8,
254 2511 307 2591 45,
330 2510 349 2571 2
373 2507 460 2592 quod
481 2508 566 2572 idem
588 2507 674 2572 ualet
697 2526 733 2571 aa
755 2505 893 2587 ἐνέχυρον.

660 2774 853 2784 ..ι-η..-

235 2981 254 3062 §
279 2980 330 3044 10.
358 2977 587 3042 Translatioaes
609 2977 646 3040 ab
668 2976 937 3041 administratione
957 2976 1148 3061 5555011555
1168 2977 1289 3056 petitae.

248 3189 333 3253 Urbs
360 3190 452 3253 ouius
483 3188 592 3252 lubido
622 3208 678 3272 pro
707 3189 833 3272 legibus
864 3187 998 3252 habetur
1021 3188 1172 3251 translate
1195 3188 1311 3251 dicitur

200 3301 333 3382 τύραννος
369 3298 452 3372 πόλις
488 3304 515 3384 1,
548 3302 620 3383 122,
651 3303 687 3380 33
721 3303 749 3383 1,
782 3302 856 3384 124,
881 3302 917 3379 33
943 3300 997 3364 cfr.
1019 3301 1180 3383 Aristoph.
1203 3300 1310 3383 nquit.
1403 3364 1416 3373 „

203 3417 297 3479 1414.
320 3415 353 3480 Is
376 3418 469 3480 cuius
492 3414 616 3480 infinita
639 3420 687 3480 est
708 3421 847 3499 potestas
870 3412 987 3479 dicitur
1010 3412 1199 3495 αὐτοκράτωρ.
1223 3414 1311 3478 Η555

200 3531 275 3596 inde
305 3530 467 3594 translatio
497 3532 526 3613 4,
559 3529 609 3606 64,
641 3530 668 3592 1.
693 3529 760 3594 Neo
783 3530 957 3594 existimari
983 3530 1056 3594 uolo
1081 3548 1131 3593 me
1154 3548 1311 3593 summam

200 3648 387 3728 potestatem
409 3643 524 3708 habere
547 3648 577 3707 et
600 3644 633 3706 in
656 3661 758 3707 meam
780 3644 882 3725 ipsius
905 3642 1101 3707 uoluntatem
1122 3647 1152 3706 et
1164 3643 1196 3705 in
1209 3644 1311 3725 ipsam

200 3758 361 3822 fortunam
392 3759 426 3820 in
458 3777 553 3840 quam
577 3758 656 3821 mihi
678 3757 805 3821 nullum
829 3762 877 3821 est
899 3755 1201 3839 1555551555,6μοι’ως
1223 3757 1310 3819 αὐτο-

204 3869 312 3951 κροὶτωρ
341 3863 409 3934 εἶναι
440 3867 492 3934 καὶ
520 3865 553 3942 ἧς
576 3871 624 3934 οὐκ
647 3867 728 3950 ἄρχω
752 3869 859 3948 τύχης,
883 3869 953 3932 ἀλλ’
978 3865 1040 3932 ὅσον
1062 3869 1133 3940 εἰκὸς
1157 3868 1310 3941 ἡσσᾶσθαι.

203 3985 263 4049 Otr.
287 3988 317 4067 4,
344 3985 415 4066 108,
437 3986 457 4046 4
481 3981 662 4063 αὐτοκράτορι
684 3983 817 4062 λογισμῷ
840 3982 1005 4046 διωθεῖσθαι.

244 4099 449 4163 Atheniensis
469 4097 660 4182 reipublicae
684 4099 771 4183 ciues
796 4097 1021 4161 discernuntur
1043 4095 1191 4160 tribubus
1215 4101 1312 4179 atque

201 4213 346 4297 partibus
381 4215 532 4276 tribuum.
567 4211 674 4296 Uulgo
697 4212 731 4276 id
754 4216 879 4276 tantum
904 4213 1068 4294 quaeritur
1091 4212 1183 4274 ouius
1205 4211 1310 4274 tribus

203 4328 300 4411 partis
323 4346 388 4391 non
411 4345 487 4391 uero
510 4327 603 4390 ouius
627 4327 699 4411 quis
723 4327 764 4391 sit
787 4325 889 4390 tribus
913 4326 1000 4389 oiuis.
1019 4323 1108 4389 Haeo
1127 4323 1310 4389 indometa-
