3038 4980
738 477 780 539 47

199 660 261 725 cfr.
292 661 372 727 Plat.
399 661 494 747 Gorg.
517 663 582 727 486
606 661 635 727 D
658 661 681 726 εί
703 670 815 743 χρυσῆν
839 659 915 742 ἔχων
938 659 1105 742 ἐτύγχανον
1127 664 1180 738 τήν
1202 661 1308 744 ψυχὴν

199 776 253 840 οὐκ
272 773 309 838 σἰν
329 772 375 840 οἴει
394 799 435 854 με
452 775 576 854 ίισμενον
595 775 681 858 εὑρείν
699 774 805 840 νούσων
824 775 890 840 σινίι
907 779 964 840 τῶν
982 775 1064 841 λίθοιν
1084 771 1103 857 ᾖ
1121 774 1310 857 βασανίζονσι

199 890 249 954 σὸν
288 887 404 972 χρυσόν.
446 890 555 956 Latius
597 891 734 956 subinde
777 911 989 975 quaecunque
1023 892 1063 956 ad
1096 892 1179 956 hanc
1212 895 1310 956 artem

198 1006 361 1089 pertinent
394 1004 551 1070 uocabula
576 1009 682 1090 patere
712 1009 892 1090 coeperunt,
925 1007 969 1070 ita
999 1009 1036 1070 ut
1066 1005 1223 1089 quidquid
1246 1008 1312 1070 erat

200 1118 400 1203 probandum
430 1117 643 1196 βασανισθῆναι
675 1119 841 1203 diceretur,
872 1119 1028 1203 imprimis
1051 1137 1128 1182 uero
1152 1138 1226 1183 cum
1249 1121 1312 1182 tor-

200 1235 318 1297 mentis
338 1234 476 1316 aliquem
494 1234 733 1318 interrogarent.
754 1233 806 1298 Sic
819 1233 848 1317 6,
862 1234 913 1316 53,
925 1234 943 1296 2
957 1231 1118 1310 βασανίσαι
1129 1234 1162 1297 rt
1174 1237 1314 1318 πρᾶγμα,

200 1351 348 1411 accurate
371 1346 544 1431 explorare.

245 1458 473 1536 Ἀβασανίσσοις
502 1462 529 1545 1,
555 1463 606 1538 20,
631 1462 660 1528 1.
684 1460 840 1526 Homines
863 1463 947 1526 enim
970 1461 1086 1526 famam
1109 1481 1215 1527 rerum
1240 1465 1312 1526 ante

201 1591 294 1636 suam
326 1578 458 1638 aetatem
489 1578 659 1658 gestarum,
684 1576 744 1639 etsi
767 1576 832 1639 sint
855 1575 1052 1648 domesticae,
1075 1576 1144 1639 sine
1167 1578 1314 1638 accurata

200 1687 411 1770 inquisitione
442 1690 620 1772 promiscue
653 1688 707 1752 alii
731 1688 769 1752 ab
794 1688 865 1753 aliis
887 1690 1055 1773 accipiunt.
1078 1685 1205 1766 Ὁμοίοις
1228 1685 1310 1765 σἰβα-

201 1798 345 1872 σανίστως
378 1801 446 1882 παρ’
477 1799 615 1875 αλλήλων
647 1800 792 1881 δέχονται.
826 1802 1001 1867 Scholiasta
1025 1804 1102 1867 haec
1124 1807 1270 1867 annotat:
1294 1801 1311 1875 ἦ

202 1910 282 1987 λέξις
314 1914 520 1992 μετενήνεκται
550 1914 610 1980 clad
633 1921 686 1990 τῆς
709 1913 841 1993 βασοίνον
864 1922 918 1990 σῆς
940 1915 1027 1990 λίθον,
1050 1913 1113 1990 ἤνις
1135 1917 1183 1980 σὸν
1206 1915 1312 1997 χρυσὸν

202 2026 362 2108 δοκιμοίζει.
387 2029 733 2096 cananaeorum.
759 2031 809 2114 10,
833 2032 906 2095 219.

246 2139 382 2235 Λνφίείς
408 2139 460 2206 καί
484 2141 724 2226 βασανιζόμενος,
747 2144 922 2228 prehensus
948 2148 978 2208 et
1000 2145 1034 2206 in
1058 2143 1230 2227 equuleum
1252 2146 1312 2207 im-

202 2257 337 2340 positus.
372 2255 425 2320 Sic
454 2257 571 2341 legitur
601 2259 631 2340 8,
665 2259 715 2335 92,
746 2259 774 2323 2.
798 2256 861 2334 Qui
882 2256 1102 2340 Phrynichum
1125 2276 1166 2322 ex
1187 2257 1313 2322 insidiis

203 2371 361 2435 occiderat
394 2371 492 2456 fugit3
524 2372 770 2456 comprehensus
800 2377 905 2435 autem
936 2373 974 2454 is,
1005 2373 1061 2455 qui
1092 2372 1259 2437 adiuuerat
1283 2376 1314 2435 et

203 2487 368 2550 tormentis
397 2487 610 2570 interrogatus
639 2485 761 2550 nullius
792 2487 919 2550 sceleris
941 2487 1079 2550 auctoris
1102 2504 1217 2549 nomen
1240 2505 1312 2570 pro-

202 2599 284 2663 tulit.
321 2598 381 2662 on.
414 2619 507 2683 porro
543 2601 572 2682 7,
603 2600 655 2683 86,
684 2600 706 2662 4
736 2597 779 2677 μίν
810 2597 1040 2678 βασανιζόμενος
1071 2598 1120 2662 δια
1149 2599 1182 2663 sd
1204 2603 1313 2663 cerodae

202 2710 340 2793 ταραχὴν
362 2710 462 2794 σφίσιν
484 2712 513 2776 ἕν
537 2711 680 2795 εὐπραγία
703 2710 815 2793 σανίσιν.

247 2825 390 2890 Eandem
420 2825 486 2890 fere
516 2828 583 2891 uim
614 2845 652 2890 ac
674 2823 843 2904 βασανίζειν
866 2824 960 2890 habet
982 2824 1117 2890 uerbum
1140 2822 1315 2908 δοκιμοίζειν,

202 2940 244 3003 ad
267 2938 432 3004 obrussam
457 2941 593 3025 exigere,
616 2945 652 3004 ut
674 2944 761 3025 patet
782 2958 824 3003 ex
845 2941 885 3004 iis
909 2958 990 3023 quae
1008 2939 1104 3004 Isocr.
1128 2939 1255 3023 scripsit
1273 2939 1314 3003 ad

201 3052 366 3118 Demonio.
401 3055 442 3117 25
479 3052 632 3133 Δοκίμαζε
666 3053 732 3126 τοὺς
762 3051 866 3134 φίλους
896 3050 928 3116 ἔκ
958 3076 991 3116 σε
1014 3059 1067 3127 τῆς
1090 3051 1154 3133 περὶ
1180 3053 1229 3116 σὸν
1252 3051 1316 3130 βίον

204 3165 337 3247 ἀτυχίας
437 3167 470 3231 ab
493 3167 548 3245 μὲν
571 3166 627 3248 γαρ
649 3166 766 3248 χρυσίον
789 3168 818 3231 ἐν
844 3166 884 3247 σῷ
907 3163 975 3248 πυρί
1000 3164 1211 3246 δοκιμοίζομεν.
1230 3166 1316 3230 Hinc

185 3282 344 3366 ,profecta
376 3288 423 3347 est
454 3283 531 3348 haec
561 3285 665 3347 notio:
697 3281 838 3367 probare.
869 3281 968 3345 Uelut
991 3282 1020 3364 2,
1044 3282 1096 3363 35,
1120 3282 1146 3350 3,
1163 3278 1260 3352 ἐπειδὴ
1285 3279 1316 3342 δὲ

192 3401 266 3479 ,σοῖς
297 3393 394 3460 σοίκαι
423 3392 510 3467 οὕτως
532 3393 716 3472 ἐδοκιμάσθη.
741 3394 899 3471 Quoniam
925 3392 1099 3458 maioribus
1122 3395 1241 3457 nostris
1265 3411 1316 3457 res

203 3508 335 3593 probata
357 3515 388 3574 et
410 3511 455 3573 ita
478 3528 511 3574 se
534 3509 614 3574 bene
636 3509 752 3573 habere
775 3511 847 3573 uisa
870 3514 927 3575 est.
950 3507 1013 3574 Ofr.
1037 3509 1066 3591 3,
1086 3509 1138 3591 38,
1159 3508 1196 3588 53
1217 3507 1246 3590 6,
1266 3508 1318 3588 53,

206 3626 238 3688 2.
273 3622 326 3686 Ad
360 3622 444 3686 idem
479 3642 608 3707 quoque
638 3624 773 3718 redeunt
802 3628 905 3702 πεῖραν
934 3621 1074 3685 σοιείσίαι
1099 3622 1128 3704 1,
1152 3622 1202 3698 53,
1226 3621 1262 3701 1;
1289 3621 1320 3703 1,

207 3739 282 3821 146,
309 3739 345 3818 5;
369 3739 400 3824 4,
424 3740 477 3821 80,
501 3740 520 3800 3
544 3737 692 3817 σειροῖσίαι
714 3738 746 3821 4,
771 3737 842 3814 114,
865 3737 894 3798 4.
918 3735 971 3807 Ἐς
995 3742 1096 3817 σείραν
1121 3733 1190 3799 ἰέναι
1215 3736 1244 3818 7,
1268 3735 1319 3812 21,

208 3853 227 3914 5
252 3856 283 3916 et
305 3847 450 3931 ἒξεσσίζειν
471 3853 501 3935 2,
521 3852 549 3934 7,
571 3854 598 3914 3.
618 3850 783 3916 Interdum
803 3851 881 3932 ut4,
894 3850 967 3933 114,
979 3851 1000 3912 4
1013 3851 1183 3934 opponitur
1195 3846 1291 3928 σἰσειρί
1312 3897 1319 3911 .

250 3964 350 4050 Saepe
380 3971 419 4048 et,
451 3966 507 4048 qui
538 3965 677 4029 oratione
701 3964 810 4028 uincta
834 3967 873 4047 et,
897 3964 952 4047 qui
976 3964 1081 4027 soluta
1105 3965 1157 4027 usi
1180 3961 1318 4027 suntab

206 4084 274 4144 arte
296 4078 417 4143 medica
441 4082 646 4162 sumpserunt
668 4078 877 4162 metaphoras,
900 4078 1036 4160 sumpsit
1059 4081 1090 4141 et
1108 4075 1319 4157 Thucydides.

251 4192 334 4256 Uide
358 4192 387 4274 6,
412 4192 461 4255 14.
484 4191 676 4256 Persuasum
702 4191 760 4256 tibi
786 4193 827 4256 sit
848 4195 879 4255 te
903 4192 1042 4256 ciuitatis
1067 4191 1225 4256 medicum
1244 4191 1320 4274 fore,

206 4306 302 4387 ἰατρὸς
334 4303 371 4369 ίιν
401 4303 533 4382 γενέσθαι
564 4311 617 4379 τῆς
640 4304 757 4378 πόλεως.
780 4306 858 4370 Tum
884 4306 913 4388 5,
936 4305 988 4389 65,
1012 4307 1041 4368 2.
1064 4305 1116 4369 Ex
1139 4305 1317 4372 senioribus
