3038 4980
739 477 781 540 80

200 661 361 745 aquatilia.
383 650 463 725 Inde
485 661 563 724 haec
585 659 767 725 translatio:
790 663 921 739 χερσοῖοι
944 659 981 731 ὡς
1004 658 1102 723 εἰπεῖν.
1128 659 1211 725 (lum
1237 681 1313 725 con-

202 778 322 858 temptu
344 774 404 838 hoo
425 777 472 838 est
495 774 632 838 dictum:
657 773 806 837 animalia
829 773 990 837 terrestria
1013 772 1033 836 i.
1046 793 1072 838 e.
1085 774 1242 858 nominee,
1255 775 1313 858 qui

202 889 300 953 maris
330 898 360 952 et
389 907 495 952 rerum
526 888 724 952 nauticarum
748 906 813 950 non
836 891 911 951 sunt
934 887 1038 971 periti,
1063 907 1161 971 quare
1183 888 1313 970 Thucy·

199 1001 289 1065 dides
315 1002 413 1066 uerba
437 999 473 1073 ὡς
496 999 582 1063 εἰπεῖν
605 1000 728 1065 adiecit.
753 997 867 1064 Omnis
892 1002 982 1065 abest
1006 1002 1200 1085 contemptio
1226 1001 1314 1085 apud

199 1114 309 1200 Eurip.
338 1115 438 1179 Andr.
469 1115 532 1177 457
560 1136 612 1176 σε.
628 1160 635 1176 .
650 1161 679 1176 ..
704 1110 811 1186 νοιύτην
834 1109 930 1186 ἔθηκεν
955 1110 1022 1176 σἰντὶ
1045 1112 1182 1195 χερσιιίου
1206 1111 1305 1178 κοινόν.

197 1228 292 1293 Uiam
315 1233 455 1293 sternere
477 1247 587 1313 graece
611 1228 730 1291 dicitur
752 1227 813 1290 ὁδὸν
831 1225 975 1308 σ1ορέσοιι.
998 1226 1057 1291 Cfr.
1079 1227 1197 1292 Herod.
1212 1229 1241 1311 7,
1254 1229 1310 1294 54.

199 1341 398 1406 Translatum
430 1342 567 1406 occurrit
598 1341 627 1424 6,
661 1342 712 1424 18,
739 1343 760 1404 4
783 1338 961 1421 στορέσωροεν
984 1340 1016 1404 τὸ
1040 1337 1188 1422 Φρόνηροοι.
1215 1341 1314 1406 Scho-

199 1456 293 1520 liasta
322 1457 399 1520 haee
428 1460 557 1519 annotat
579 1457 634 1517 τῶν
656 1452 737 1535 σωροὶ
760 1452 922 1534 Θουκυδίδη
946 1457 1081 1534 τροπικῶν
1104 1451 1254 1532 ὅνοροιὶτων
1280 1456 1312 1519 τὸ

200 1567 392 1649 σκληρότητον
420 1566 506 1633 τοῦτο’
535 1568 621 1640 ἐστιν,
646 1566 730 1631 ἀλλὰ
751 1567 831 1632 κοντοὶ
853 1565 1058 1645 Ἀλκιβιάδην.
1084 1572 1128 1633 At
1153 1569 1237 1632 nihil
1264 1574 1313 1634 est

203 1683 288 1766 quod
312 1684 393 1747 hanc
415 1682 655 1747 translationem
679 1684 841 1747 miremur.

245 1796 298 1861 Ab
320 1795 388 1880 ipsa
411 1797 467 1862 uia
489 1798 524 1860 in
546 1802 681 1880 utraque
703 1797 818 1881 lingna
841 1801 872 1861 ot
895 1795 1015 1861 Graeca
1034 1802 1065 1861 et
1083 1795 1197 1861 Latina
1210 1802 1313 1861 trans·

202 1910 302 1973 latum
326 1915 373 1974 est
395 1911 531 1974 uerbum
555 1911 590 1972 in
613 1928 708 1993 mare,
731 1929 786 1993 per
806 1908 892 1992 quod
911 1909 985 1992 quis
1005 1910 1091 1974 uiam
1113 1910 1176 1974 sibi
1191 1911 1315 1975 sternit.

204 2022 264 2086 Ofr.
286 2021 378 2087 Lucr.
403 2025 431 2106 3,
456 2023 549 2086 1043.
574 2021 738 2099 Quomodo
762 2029 868 2086 autem
894 2041 979 2086 mare
1001 2021 1039 2086 fit
1059 2023 1235 2106 peruium?
1259 2022 1314 2087 Se·

203 2136 284 2202 datis
306 2136 457 2202 fluctibus
481 2139 652 2221 uentisque
671 2141 777 2201 tutum
790 2156 908 2220 aequor
920 2138 1088 2220 nauiganti
1100 2137 1161 2201 iter
1172 2137 1313 2220 praebet.

205 2250 265 2314 Ofr.
288 2251 381 2335 Verg.
405 2251 484 2316 Aen.
509 2252 540 2335 8,
562 2252 620 2332 89,
646 2252 673 2334 5,
700 2250 762 2313 763
787 2255 817 2314 et
839 2249 932 2313 Hom.
957 2248 1014 2313 Od.
1040 2251 1068 2333 3,
1093 2251 1174 2331 158,
1196 2250 1313 2314 Herod.

207 2366 236 2450 7,
266 2366 337 2428 193.
365 2363 449 2441 Quid
471 2385 564 2450 porro
590 2365 670 2429 mari
694 2365 878 2428 turbulento
900 2364 1207 2448 perturbationibus,
1232 2384 1315 2449 quae

205 2484 281 2542 sunt
303 2479 423 2543 turbidi
447 2481 628 2543 animorum
648 2479 863 2561 concitatique
881 2486 996 2561 metue,
1008 2479 1110 2562 magis
1123 2483 1169 2542 est
1183 2479 1313 2543 simile?

206 2591 266 2655 cfr.
296 2593 410 2658 Aesch.
440 2593 543 2657 Prom.
576 2594 638 2657 190
669 2590 800 2672 στορέσοιι
826 2591 878 2664 την
901 2589 995 2671 ὀργήν.
1020 2592 1182 2676 Aristoph.
1206 2592 1313 2676 Equit

205 2706 267 2768 481
292 2706 340 2770 τὸν
364 2704 512 2786 Ἡρωκλέοι
535 2709 710 2786 τσιροιστσρω.
737 2705 799 2772 Ofr.
823 2725 934 2790 porro:
959 2705 1043 2771 Plut.
1065 2704 1142 2770 Luc.
1167 2707 1205 2787 5,
1226 2705 1313 2771 Gaea.

207 2821 265 2902 25,
288 2820 357 2885 Tac.
379 2821 463 2886 Hist.
490 2823 518 2906 l,
543 2822 584 2884 58
607 2823 713 2886 stratis
737 2823 878 2885 militum
901 2822 991 2886 odiis.

250 2933 346 3008 Ὀδός,
383 2936 480 3020 uulgo
515 2936 704 3001 transfertur
736 2938 773 2999 in
807 2936 954 3000 subsidia
984 2955 1196 3020 quaecunque
1228 2942 1312 3020 sunt,

208 3051 329 3135 quibus
353 3053 485 3136 utimur,
507 3056 543 3116 ut
565 3053 605 3115 ad
627 3051 722 3117 finem
747 3058 887 3136 optatum
911 3051 1138 3135 perueniamus
1160 3052 1188 3134 1,
1211 3052 1313 3134 122,1

208 3164 369 3245 ὑτιίρχουσι
392 3165 423 3230 δὲ
445 3164 497 3230 rai
519 3163 614 3230 ἄλλοι
635 3164 692 3230 ὁδοὶ
715 3165 844 3245 πολέμου
867 3166 955 3245 ipio:
982 3167 1058 3232 belli
1079 3167 1213 3250 gerendi
1235 3168 1316 3232 niae.

210 3280 238 3363 1,
262 3279 313 3363 69,
337 3282 356 3343 3
379 3279 428 3344 uel
452 3277 637 3358 deterritorio
660 3278 704 3363 οἵρι
726 3279 779 3361 1δῷ
803 3280 1015 3354 ο1.Ἀ1ηνοι1οι.
1030 3328 1037 3344 .
1053 3327 1082 3344 ..
1107 3284 1247 3360 χωροῦσιν
1266 3277 1315 3344 ε’τὶ

207 3393 273 3466 τοὺς
307 3392 401 3467 τέλος
433 3400 463 3460 et
492 3397 611 3460 scimus
643 3395 729 3479 quali
757 3395 810 3460 uia
833 3396 1045 3460 Athenienses
1068 3394 1102 3458 in
1125 3395 1207 3459 alios
1229 3415 1316 3478 gras·

209 3513 327 3572 sentur.
362 3508 416 3573 Sic
448 3511 478 3593 3,
508 3508 560 3593 64,
590 3512 610 3570 4
641 3507 738 3573 ἄδικον
768 3507 829 3573 ὁδὸν
861 3508 955 3573 ἰόντων
977 3504 1014 3574 'et
1045 3509 1074 3593 6,
1099 3509 1148 3587 86,
1170 3510 1192 3572 4
1215 3507 1314 3585 ἑτοίμη

208 3620 278 3694 ὁδός.
312 3621 445 3706 Legitur
478 3625 507 3706 3,
541 3623 591 3707 11,
622 3625 641 3686 2
671 3621 791 3700 γνώμης
821 3621 915 3705 ἐφόδῳ
947 3624 1083 3688 consilio
1107 3624 1241 3698 urbane,
1264 3623 1316 3687 cui

210 3735 350 3821 opposita
374 3742 421 3801 est
447 3736 548 3820 „uis”,
572 3735 667 3816 ἰσχύς.
696 3738 820 3822 1,126,
844 3740 883 3801 11
908 3737 936 3801 ἐν
960 3735 1083 3817 τοιρο8ῳ,
1109 3737 1220 3801 obiter.
1245 3743 1315 3803 Ξυν-

208 3849 270 3923 όδος
301 3851 335 3914 in
366 3856 534 3935 utramque
563 3857 682 3935 partem
715 3853 889 3936 accipitur3
920 3853 956 3916 in
987 3854 1103 3917 bonam
1136 3854 1165 3935 5,
1188 3853 1230 3915 88
1253 3847 1316 3932 τερὶ

210 3963 366 4045 σωτηρίως,
401 3966 436 4028 in
470 3966 585 4029 malam
622 3968 650 4049 3,
684 3966 756 4050 107,
788 3968 806 4029 3
836 3966 866 4029 ἐν
888 3973 924 4048 τη
948 3961 1055 4046 ξυνόδω
1077 3965 1162 4046 αὐτῇ,
1186 3966 1223 4029 in
1247 3967 1317 4050 ipso

210 4097 391 4163 congressu.
433 4074 554 4152 Ἕξοδος
597 4080 625 4162 5,
665 4081 715 4162 14,
750 4081 771 4142 4
805 4080 921 4144 accidit
955 4099 1084 4164 quoque
1118 4083 1154 4144 ut
1188 4079 1318 4164 triginta

209 4211 363 4257 annorum
389 4192 534 4256 indutiae
560 4189 626 4276 (ἐτ’
649 4187 736 4272 ἕξοδῳ
758 4185 847 4278 εἷνοιι)
874 4193 1032 4258 adfinem
1056 4197 1234 4278 uergerent.
1258 4192 1319 4256 cfr.

212 4307 241 4389 5,
271 4308 322 4391 28,
352 4308 389 4390 2,
420 4305 566 4391 Xenoph.
595 4306 679 4372 Hell.
708 4308 735 4386 5,
759 4308 831 4392 2,2
855 4304 987 4385 ἐλέγοντο
1010 4305 1042 4370 δὲ
1066 4304 1116 4370 κοιὶ
1139 4303 1316 4371 miratorio)
