3038 4980
740 501 802 564 109

180 702 183 708 “
254 689 328 752 Aha
349 689 513 753 luctatoris
535 689 718 773 praesertim
740 687 828 751 fraus
851 692 898 751 est
918 687 1119 771 supplantare
1139 687 1318 766 aemulum;

210 799 424 882 καταστρέφειν
445 802 529 865 inter
549 801 610 864 alia
633 811 680 865 est
703 799 907 883 uocabulum,
931 819 994 884 quo
1018 800 1076 863 hac
1098 800 1132 863 in
1156 799 1321 864 16016661

209 921 354 980 utuntur.
379 914 440 979 cfr.
463 914 607 979 Lucillus
630 915 727 978 Anth.
748 914 859 979 Graec.
880 914 931 997 11,
945 910 1199 994 163πο1ντεςέφν
1213 917 1322 996 νικᾶτε,

210 1026 295 1105 μένον
317 1026 361 1105 μή
384 1026 428 1099 τίς
451 1050 484 1090 σε
506 1025 634 1108 παρέλθω
658 1026 710 1090 καί
731 1050 764 1089 σε
784 1024 974 1107 καταστρέψῃ
994 1025 1046 1090 καί
1056 1049 1089 1088 σε
1100 1025 1328 1106 παρατροχοίσρ.

211 1141 271 1206 011.
302 1141 364 1206 016.
396 1142 435 1207 de
464 1141 573 1225 6113,
598 1141 649 1224 10,
671 1143 722 1204 42.
746 1140 946 1222 Thucydides
971 1141 1134 1205 transtulit
1156 1144 1187 1224 4,
1210 1141 1261 1223 65,
1288 1143 1325 1220 33

211 1256 240 1338 3,
272 1256 322 1337 13,
353 1255 381 1318 6.
412 1255 574 1340 Imprimis
597 1254 777 1320 cauendum
801 1254 935 1319 athletae
958 1273 998 1317 ne
1021 1275 1085 1338 qua
1107 1260 1196 1339 parte
1219 1260 1326 1339 pateat

209 1369 320 1453 plagae
343 1387 426 1434 neue
444 1367 659 1453 prehendendi
676 1367 860 1432 facultatem
872 1367 1031 1452 praebeat,
1044 1368 1129 1452 quod
1142 1370 1198 1453 qui
1210 1387 1326 1433 cauere

208 1502 274 1545 non
297 1480 518 1567 661111116βί6
541 1482 657 1546 dicitur
680 1480 806 1544 ἐνδοῦναι
831 1483 884 1546 uel
906 1480 1045 1562 παρέχειν
1064 1482 1117 1546 uel
1135 1481 1326 1562 rupaeclarae

210 1595 271 1660 Oh.
289 1597 344 1660 Ar.
359 1595 432 1678 lays.
446 1596 507 1659 671
523 1595 546 1658 εἰ
557 1593 614 1675 χοὶρ
625 1594 738 1658 ἐνδώσει
750 1596 887 1672 saepes
900 1595 1004 1659 ταῖσδε
1017 1592 1072 1658 κίον
1083 1595 1201 1676 σμικρὸν
1213 1595 1326 1673 λαβνίν.

209 1710 313 1776 8611611
336 1711 487 1775 translato
511 1711 650 1774 occurrit
675 1711 704 1792 2,
728 1710 781 1792 87,
804 1710 823 1772 9
847 1709 898 1771 καὶ
922 1709 973 1772 οὐκ
996 1708 1153 1786 ἐνδώσομεν
1177 1707 1324 1800 πρόφασιν

209 1821 300 1887 οὐδενὶ
330 1823 411 1903 κακῷ
441 1821 579 1900 γενέσθαι.
603 1822 670 1887 Neo
692 1824 842 1906 cuiquam
867 1824 1065 1887 occasionem
1089 1822 1324 1906 praebebimus,

209 1944 246 2001 ut
268 1939 310 2002 611
332 1939 478 2023 ignauus
501 1936 554 2000 cfr.
580 1938 608 2018 5,
632 1936 674 1999 86
697 1939 738 2000 et'
752 1936 782 2018 6,
806 1935 857 2018 86,
881 1936 900 1998 3
923 1935 1017 2014 καιρὸν
1036 1933 1217 2019 λαμβάνειν,
1237 1955 1321 2000 occa·

210 2054 333 2116 sionem
356 2050 490 2115 oblatam
514 2051 651 2134 arripere
670 2054 701 2114 61
721 2049 806 2132 quod
826 2052 970 2133 proxime
989 2051 1134 2133 sequitur
1145 2050 1194 2113 οὐκ
1204 2048 1321 2134 οὶνιέναι,

208 2165 368 2230 occasioni
397 2183 461 2228 non
488 2164 597 2229 deesse
620 2170 651 2227 et
674 2163 703 2245 6,
728 2164 778 2245 11,
802 2165 823 2226 4
846 2159 1136 2243 senapariam
1158 2169 1212 2236 τῆς
1236 2160 1322 2237 δόξης

207 2275 304 2360 δόντα,
346 2296 427 2362 quae
459 2276 561 2341 famae
595 2295 672 2341 suae
706 2278 959 2360 experimentum
993 2277 1124 2342 minime
1155 2277 1321 2342 dederunt.

206 2391 328 2456 Eodem
358 2395 499 2475 spectare
533 2390 684 2455 uidentur
713 2394 745 2454 et
775 2390 852 2454 haec
885 2391 913 2472 1,
945 2391 996 2472 37,
1022 2392 1041 2452 5
1065 2393 1121 2474 qui
1141 2393 1225 2455 enim
1248 2391 1321 2455 nul·

206 2506 271 2569 lam
294 2504 509 2588 prehendendi
532 2501 660 2587 praebet
682 2502 863 2567 facultatem
888 2507 918 2566 61
940 2502 1012 2567 ideo
1034 2505 1122 2567 uinci
1141 2523 1206 2567 non
1218 2508 1321 2587 potest

208 2619 324 2682 dicitur
356 2614 488 2689 ἄληπτος
522 2616 574 2681 uel
603 2614 800 2688 ἀνεπίληπτος
832 2617 860 2698 5,
895 2616 996 2699 11,1.
1028 2615 1088 2680 Gir.
1111 2615 1194 2681 Xen.
1218 2617 1322 2681 Anah.

208 2732 237 2814 7,
261 2731 291 2814 6,
313 2732 355 2794 37
366 2753 374 2811 3
399 2729 491 2814 Soph.
514 2732 610 2814 Antg.
634 2729 707 2793 406.
732 2727 911 2814 Opponitur
933 2730 983 2794 his
1007 2727 1150 2803 εθλνπτος
1174 2731 1204 2813 6,
1224 2733 1275 2814 85,
1288 2734 1319 2798 2.
1355 2753 1360 2760 ·

207 2843 271 2920 Qui
305 2845 407 2908 uincit
440 2843 555 2908 athleta
589 2842 705 2906 dicitur
734 2840 955 2921 περιγίγνεσθαι.
988 2841 1048 2906 efr.
1081 2845 1111 2927 5,
1140 2845 1181 2907 86
1212 2843 1321 2924 περιχέ-

207 2957 326 3034 γνεσθκι
354 2956 394 3036 τῷ
426 2954 534 3039 δικαίῳ,
557 2956 627 3020 iure
650 2974 720 3020 esse
743 2957 946 3039 superiorem.
971 2954 1059 3031 Quae
1082 2957 1180 3022 uerba
1202 2959 1320 3024 ibidem

203 3070 356 3157 leguntur
385 3067 479 3149 κριταί
508 3072 539 3132 61
561 3065 696 3132 ἐνδιδόναι
721 3070 799 3132 66116
822 3068 965 3133 indicare
987 3069 1139 3134 uidentur
1160 3069 1320 3153 Thucydi·

205 3184 278 3249 dem
301 3183 451 3248 hocloco
475 3183 630 3266 cogitasse
652 3182 848 3266 palaestram.
873 3180 934 3247 Ofr.
958 3184 987 3245 3.
1011 3184 1063 3267 81,
1085 3185 1115 3247 8.

249 3295 313 3373 Qui
322 3298 413 3361 humi
424 3297 560 3381 supinus
572 3295 657 3359 cadit
669 3295 805 3359 luctator
817 3295 934 3359 dicitur
945 3294 1119 3360 ἀναπίπτειν
1134 3297 1318 3383 (6111111116.

202 3411 241 3475 fr.
274 3412 315 3473 22
347 3405 380 3484 ἐξ
402 3407 531 3473 ἐλπίδων
555 3407 717 3480 πίπτοντας
743 3407 859 3480 ὑπτίους
883 3409 956 3494 ὁρῶ).
980 3410 1077 3496 Apud
1099 3410 1318 3493 Thucydidem

204 3524 393 3590 transfertur
424 3525 453 3607 1,
486 3524 536 3607 70,
568 3525 587 3586 5
618 3520 789 3603 κρατοῦντές
821 3546 862 3600 τε,
893 3524 940 3587 616
967 3522 1121 3588 Corinthii
1143 3524 1319 3609 loquuntur

201 3639 449 3704 ,Atheniensium
484 3641 608 3723 gentem
647 3636 872 3720 significantes,
905 3640 961 3699 τῶν
982 3636 1089 3718 ἐχθρῶν
1111 3636 1160 3701 ἐπὶ
1184 3644 1319 3703 πλεῖστον

202 3749 370 3833 ἐξέρχονται
404 3749 455 3814 καὶ
486 3748 638 3827 νικωμένου
669 3749 715 3812 ἐπ’
740 3747 906 3828 ἐλάχιστον
928 3749 1147 3816 ἀναπίπτουσιν.
1171 3752 1259 3829 Quae
1282 3759 1320 3818 ut

201 3866 317 3930 mehus
353 3864 587 3948 intellegantur,
621 3862 809 3928 conferenda
848 3868 926 3928 sunt
957 3883 1039 3948 quae
1072 3867 1186 3930 cecinit
1220 3865 1319 3950 Soph.

201 3978 312 4044 Traeh.
349 3979 411 4042 159
446 3976 570 4047 πολλοὺς
605 3977 723 4052 οὶχῶνας
756 3973 835 4050 ἐξιών
869 3983 900 4042 61
933 3977 995 4040 505
1018 3976 1100 4061 τινὲς,
1122 3977 1316 4056 ποίμπλνρκτα

201 4089 367 4169 παχκθνιτθ
397 4090 423 4152 τ’
455 4086 572 4166 ἐξῆλθον
594 4088 675 4153 ἄεθλ’
699 4088 830 4166 ἀγώνων.
853 4091 1061 4175 Antistrophe
1085 4093 1198 4158 deinde
1222 4100 1259 4158 111
1280 4093 1319 4158 fit

200 4206 277 4271 haec
308 4205 406 4270 uerba
433 4205 671 4288 interpretatur:
704 4198 769 4265 ἴσαν
800 4205 829 4275 ἐς
867 4201 956 4279 μέσον
978 4199 1081 4280 ἱέμενοι
1104 4203 1215 4284 λεχέων
1239 4203 1317 4283 μθνα

198 4319 225 4383 δ’
256 4317 402 4398 εὕλεκπρος
432 4318 460 4380 έν
491 4315 571 4397 μέσῳ
595 4315 701 4397 Κθπρις
724 4315 901 4398 ῥαβδονομεῖ
920 4311 1055 4390 ξυνοῦσα.
1082 4316 1161 4394 Quis
1186 4319 1312 4385 dubitet
