<?xml version="1.0" encoding="UTF-8"?>
<!DOCTYPE html PUBLIC "-//W3C//DTD XHTML 1.0 Transitional//EN"
    "http://www.w3.org/TR/xhtml1/DTD/xhtml1-transitional.dtd">
<html xmlns="http://www.w3.org/1999/xhtml" xml:lang="en" lang="en">
 <head>
  <title>
</title>
<meta http-equiv="Content-Type" content="text/html;charset=utf-8" />
  <meta name='ocr-system' content='tesseract 3.04.00' />
  <meta name='ocr-capabilities' content='ocr_page ocr_carea ocr_par ocr_line ocrx_word'/>
</head>
<body>
  <div class='ocr_page' id='page_1' title='image "./detranslationib00corsgoog_0080.png"; bbox 0 0 3038 4980; ppageno 0'>
   <div class='ocr_carea' id='block_1_1' title="bbox 737 488 778 551">
    <p class='ocr_par' dir='ltr' id='par_1_1' title="bbox 737 488 778 551">
     <span class='ocr_line' id='line_1_1' title="bbox 737 488 778 551; baseline 0.024 -1"><span class='ocrx_word' id='word_1_1' title='bbox 737 488 778 551; x_wconf 87' lang='grc'><strong>65</strong></span> 
     </span>
    </p>
   </div>
   <div class='ocr_carea' id='block_1_2' title="bbox 322 727 1133 854">
    <p class='ocr_par' dir='ltr' id='par_1_2' title="bbox 322 727 1133 854">
     <span class='ocr_line' id='line_1_2' title="bbox 322 727 1133 854; baseline 0 -19"><span class='ocrx_word' id='word_1_2' title='bbox 322 801 327 812; x_wconf 90' lang='grc'><strong><em>·</em></strong></span> <span class='ocrx_word' id='word_1_3' title='bbox 382 773 401 854; x_wconf 60' lang='grc' dir='ltr'>ᾖ</span> <span class='ocrx_word' id='word_1_4' title='bbox 427 774 484 851; x_wconf 67' lang='lat'><strong>10,</strong></span> <span class='ocrx_word' id='word_1_5' title='bbox 500 770 740 837; x_wconf 79' lang='lat' dir='ltr'><strong>Translattoaas</strong></span> <span class='ocrx_word' id='word_1_6' title='bbox 760 791 781 835; x_wconf 88' lang='lat' dir='ltr'><strong>u</strong></span> <span class='ocrx_word' id='word_1_7' title='bbox 801 727 964 838; x_wconf 77' lang='lat' dir='ltr'><strong>uenatione</strong></span> <span class='ocrx_word' id='word_1_8' title='bbox 985 779 1133 854; x_wconf 77' lang='lat' dir='ltr'><strong><em>sumptae.</em></strong></span> 
     </span>
    </p>
   </div>
   <div class='ocr_carea' id='block_1_3' title="bbox 155 982 1374 3920">
    <p class='ocr_par' dir='ltr' id='par_1_3' title="bbox 199 982 1328 1412">
     <span class='ocr_line' id='line_1_3' title="bbox 242 982 1312 1069; baseline 0.001 -21"><span class='ocrx_word' id='word_1_9' title='bbox 242 983 385 1048; x_wconf 82' lang='lat' dir='ltr'><strong>Fuerunt</strong></span> <span class='ocrx_word' id='word_1_10' title='bbox 409 1001 484 1047; x_wconf 90' lang='lat' dir='ltr'><strong>sane</strong></span> <span class='ocrx_word' id='word_1_11' title='bbox 505 983 618 1066; x_wconf 76' lang='lat' dir='ltr'><strong>priscis</strong></span> <span class='ocrx_word' id='word_1_12' title='bbox 642 982 836 1068; x_wconf 82' lang='lat' dir='ltr'><strong>temporibus</strong></span> <span class='ocrx_word' id='word_1_13' title='bbox 860 986 916 1069; x_wconf 91' lang='lat' dir='ltr'><strong>qui</strong></span> <span class='ocrx_word' id='word_1_14' title='bbox 938 985 1037 1048; x_wconf 90' lang='lat' dir='ltr'><strong>animi</strong></span> <span class='ocrx_word' id='word_1_15' title='bbox 1049 1005 1146 1050; x_wconf 87' lang='lat' dir='ltr'><strong>causa</strong></span> <span class='ocrx_word' id='word_1_16' title='bbox 1159 988 1312 1049; x_wconf 90' lang='lat' dir='ltr'><strong>uenatum</strong></span> 
     </span>
     <span class='ocr_line' id='line_1_4' title="bbox 199 1098 1313 1184; baseline 0 -20"><span class='ocrx_word' id='word_1_17' title='bbox 199 1101 332 1182; x_wconf 86' lang='lat' dir='ltr'><strong>exirent,</strong></span> <span class='ocrx_word' id='word_1_18' title='bbox 362 1099 455 1182; x_wconf 86' lang='lat' dir='ltr'><strong>longe</strong></span> <span class='ocrx_word' id='word_1_19' title='bbox 485 1098 593 1181; x_wconf 88' lang='lat' dir='ltr'><strong>plures</strong></span> <span class='ocrx_word' id='word_1_20' title='bbox 615 1101 720 1163; x_wconf 84' lang='lat' dir='ltr'><strong>tamen</strong></span> <span class='ocrx_word' id='word_1_21' title='bbox 744 1103 781 1162; x_wconf 89' lang='lat' dir='ltr'><strong>ut</strong></span> <span class='ocrx_word' id='word_1_22' title='bbox 802 1100 955 1162; x_wconf 88' lang='lat' dir='ltr'><strong>uestitum</strong></span> <span class='ocrx_word' id='word_1_23' title='bbox 979 1098 1039 1164; x_wconf 88' lang='lat' dir='ltr'><strong>sibi</strong></span> <span class='ocrx_word' id='word_1_24' title='bbox 1062 1104 1210 1184; x_wconf 87' lang='lat' dir='ltr'><strong>pararent</strong></span> <span class='ocrx_word' id='word_1_25' title='bbox 1232 1103 1313 1164; x_wconf 91' lang='lat' dir='ltr'><strong>cete-</strong></span> 
     </span>
     <span class='ocr_line' id='line_1_5' title="bbox 199 1212 1314 1297; baseline -0.001 -20"><span class='ocrx_word' id='word_1_26' title='bbox 199 1232 307 1297; x_wconf 90' lang='lat' dir='ltr'><strong>raque,</strong></span> <span class='ocrx_word' id='word_1_27' title='bbox 338 1231 419 1295; x_wconf 91' lang='lat' dir='ltr'><strong>quae</strong></span> <span class='ocrx_word' id='word_1_28' title='bbox 450 1231 530 1295; x_wconf 91' lang='lat' dir='ltr'><strong>opus</strong></span> <span class='ocrx_word' id='word_1_29' title='bbox 563 1217 668 1276; x_wconf 87' lang='lat' dir='ltr'><strong>essent</strong></span> <span class='ocrx_word' id='word_1_30' title='bbox 697 1212 736 1275; x_wconf 88' lang='lat' dir='ltr'><strong>ad</strong></span> <span class='ocrx_word' id='word_1_31' title='bbox 768 1213 908 1293; x_wconf 82' lang='lat' dir='ltr'><strong>uictum3</strong></span> <span class='ocrx_word' id='word_1_32' title='bbox 942 1232 1039 1297; x_wconf 88' lang='lat' dir='ltr'><strong>quare</strong></span> <span class='ocrx_word' id='word_1_33' title='bbox 1070 1214 1115 1276; x_wconf 89' lang='lat' dir='ltr'><strong>nil</strong></span> <span class='ocrx_word' id='word_1_34' title='bbox 1146 1215 1262 1278; x_wconf 88' lang='lat' dir='ltr'><strong>mirum</strong></span> <span class='ocrx_word' id='word_1_35' title='bbox 1285 1213 1314 1277; x_wconf 89' lang='lat' dir='ltr'><strong>si</strong></span> 
     </span>
     <span class='ocr_line' id='line_1_6' title="bbox 199 1326 1328 1412; baseline -0.001 -21"><span class='ocrx_word' id='word_1_36' title='bbox 199 1328 321 1392; x_wconf 88' lang='lat' dir='ltr'><strong>multae</strong></span> <span class='ocrx_word' id='word_1_37' title='bbox 343 1326 566 1389; x_wconf 80' lang='lat' dir='ltr'><strong>translationes</strong></span> <span class='ocrx_word' id='word_1_38' title='bbox 586 1326 661 1390; x_wconf 92' lang='lat' dir='ltr'><strong>inde</strong></span> <span class='ocrx_word' id='word_1_39' title='bbox 686 1327 749 1390; x_wconf 90' lang='lat' dir='ltr'><strong>sint</strong></span> <span class='ocrx_word' id='word_1_40' title='bbox 772 1331 874 1391; x_wconf 83' lang='lat' dir='ltr'><strong>natac.</strong></span> <span class='ocrx_word' id='word_1_41' title='bbox 1322 1395 1328 1412; x_wconf 45' lang='lat'>,</span> 
     </span>
    </p>

    <p class='ocr_par' dir='ltr' id='par_1_4' title="bbox 155 1438 1318 2550">
     <span class='ocr_line' id='line_1_7' title="bbox 246 1438 1314 1526; baseline 0.003 -22"><span class='ocrx_word' id='word_1_42' title='bbox 246 1441 347 1504; x_wconf 89' lang='lat' dir='ltr'><strong>Primi</strong></span> <span class='ocrx_word' id='word_1_43' title='bbox 376 1441 417 1504; x_wconf 91' lang='lat' dir='ltr'><strong>sit</strong></span> <span class='ocrx_word' id='word_1_44' title='bbox 447 1441 583 1525; x_wconf 86' lang='lat' dir='ltr'><strong>agminis</strong></span> <span class='ocrx_word' id='word_1_45' title='bbox 610 1438 726 1521; x_wconf 76' lang='grc' dir='ltr'><strong>διώκειν,</strong></span> <span class='ocrx_word' id='word_1_46' title='bbox 751 1442 844 1505; x_wconf 90' lang='lat' dir='ltr'><strong>cuius</strong></span> <span class='ocrx_word' id='word_1_47' title='bbox 864 1439 954 1505; x_wconf 91' lang='lat' dir='ltr'><strong>uerbi</strong></span> <span class='ocrx_word' id='word_1_48' title='bbox 976 1443 1027 1505; x_wconf 90' lang='lat' dir='ltr'><strong>uis</strong></span> <span class='ocrx_word' id='word_1_49' title='bbox 1051 1444 1177 1526; x_wconf 89' lang='lat' dir='ltr'><strong>propria</strong></span> <span class='ocrx_word' id='word_1_50' title='bbox 1200 1461 1236 1506; x_wconf 90' lang='lat' dir='ltr'><strong>ac</strong></span> <span class='ocrx_word' id='word_1_51' title='bbox 1258 1463 1314 1507; x_wconf 88' lang='lat' dir='ltr'><strong>na-</strong></span> 
     </span>
     <span class='ocr_line' id='line_1_8' title="bbox 201 1553 1313 1640; baseline 0.002 -21"><span class='ocrx_word' id='word_1_52' title='bbox 201 1556 270 1619; x_wconf 87' lang='lat' dir='ltr'><strong>tiua</strong></span> <span class='ocrx_word' id='word_1_53' title='bbox 296 1555 439 1638; x_wconf 69' lang='lat' dir='ltr'><strong>,pellere</strong></span> <span class='ocrx_word' id='word_1_54' title='bbox 464 1553 597 1639; x_wconf 83' lang='lat' dir='ltr'><strong>urgere&#39;’</strong></span> <span class='ocrx_word' id='word_1_55' title='bbox 622 1559 652 1618; x_wconf 87' lang='lat' dir='ltr'><strong>et</strong></span> <span class='ocrx_word' id='word_1_56' title='bbox 675 1554 790 1619; x_wconf 91' lang='lat' dir='ltr'><strong>deinde</strong></span> <span class='ocrx_word' id='word_1_57' title='bbox 816 1554 1004 1639; x_wconf 77' lang='lat' dir='ltr'><strong>„persequi”</strong></span> <span class='ocrx_word' id='word_1_58' title='bbox 1028 1559 1149 1640; x_wconf 88' lang='lat' dir='ltr'><strong>priscos</strong></span> <span class='ocrx_word' id='word_1_59' title='bbox 1172 1559 1235 1621; x_wconf 87' lang='lat' dir='ltr'><strong>iam</strong></span> <span class='ocrx_word' id='word_1_60' title='bbox 1259 1558 1313 1621; x_wconf 92' lang='lat' dir='ltr'><strong>ho-</strong></span> 
     </span>
     <span class='ocr_line' id='line_1_9' title="bbox 155 1667 1315 1753; baseline 0.002 -19"><span class='ocrx_word' id='word_1_61' title='bbox 155 1697 158 1701; x_wconf 46' lang='lat'>*</span> <span class='ocrx_word' id='word_1_62' title='bbox 202 1672 304 1734; x_wconf 88' lang='lat' dir='ltr'><strong>mines</strong></span> <span class='ocrx_word' id='word_1_63' title='bbox 336 1669 418 1734; x_wconf 94' lang='lat' dir='ltr'><strong>ultro</strong></span> <span class='ocrx_word' id='word_1_64' title='bbox 450 1671 543 1753; x_wconf 85' lang='lat' dir='ltr'><strong>quasi</strong></span> <span class='ocrx_word' id='word_1_65' title='bbox 569 1669 670 1752; x_wconf 84' lang='lat' dir='ltr'><strong>coegit</strong></span> <span class='ocrx_word' id='word_1_66' title='bbox 701 1673 737 1732; x_wconf 91' lang='lat' dir='ltr'><strong>ut</strong></span> <span class='ocrx_word' id='word_1_67' title='bbox 768 1667 824 1732; x_wconf 94' lang='lat' dir='ltr'><strong>ubi</strong></span> <span class='ocrx_word' id='word_1_68' title='bbox 856 1669 895 1733; x_wconf 92' lang='lat' dir='ltr'><strong>de</strong></span> <span class='ocrx_word' id='word_1_69' title='bbox 918 1671 1145 1753; x_wconf 89' lang='lat' dir='ltr'><strong>persequendis</strong></span> <span class='ocrx_word' id='word_1_70' title='bbox 1168 1671 1315 1736; x_wconf 88' lang='lat' dir='ltr'><strong>hostibus</strong></span> 
     </span>
     <span class='ocr_line' id='line_1_10' title="bbox 203 1784 1316 1870; baseline 0.002 -21"><span class='ocrx_word' id='word_1_71' title='bbox 203 1784 355 1870; x_wconf 85' lang='lat' dir='ltr'><strong>agebatur</strong></span> <span class='ocrx_word' id='word_1_72' title='bbox 386 1804 422 1849; x_wconf 89' lang='lat' dir='ltr'><strong>eo</strong></span> <span class='ocrx_word' id='word_1_73' title='bbox 452 1784 548 1849; x_wconf 89' lang='lat' dir='ltr'><strong>uerbo</strong></span> <span class='ocrx_word' id='word_1_74' title='bbox 572 1788 739 1848; x_wconf 89' lang='lat' dir='ltr'><strong>uterentur</strong></span> <span class='ocrx_word' id='word_1_75' title='bbox 761 1788 792 1847; x_wconf 89' lang='lat' dir='ltr'><strong>et</strong></span> <span class='ocrx_word' id='word_1_76' title='bbox 815 1787 920 1848; x_wconf 89' lang='lat' dir='ltr'><strong>statim</strong></span> <span class='ocrx_word' id='word_1_77' title='bbox 950 1823 982 1831; x_wconf 99' lang='lat'>-</span> <span class='ocrx_word' id='word_1_78' title='bbox 1009 1787 1231 1870; x_wconf 88' lang='lat' dir='ltr'><strong>antiquissima</strong></span> <span class='ocrx_word' id='word_1_79' title='bbox 1255 1790 1316 1851; x_wconf 88' lang='lat' dir='ltr'><strong>tes-</strong></span> 
     </span>
     <span class='ocr_line' id='line_1_11' title="bbox 202 1898 1318 1984; baseline 0.001 -20"><span class='ocrx_word' id='word_1_80' title='bbox 202 1903 313 1964; x_wconf 87' lang='lat' dir='ltr'><strong>tantur</strong></span> <span class='ocrx_word' id='word_1_81' title='bbox 346 1899 507 1963; x_wconf 87' lang='lat' dir='ltr'><strong>literarum</strong></span> <span class='ocrx_word' id='word_1_82' title='bbox 539 1903 745 1962; x_wconf 88' lang='lat' dir='ltr'><strong>monumenta</strong></span> <span class='ocrx_word' id='word_1_83' title='bbox 778 1937 817 1946; x_wconf 92' lang='lat'>-</span> <span class='ocrx_word' id='word_1_84' title='bbox 853 1898 994 1963; x_wconf 90' lang='lat' dir='ltr'><strong>adhiberi</strong></span> <span class='ocrx_word' id='word_1_85' title='bbox 1024 1904 1168 1984; x_wconf 90' lang='lat' dir='ltr'><strong>coeptum</strong></span> <span class='ocrx_word' id='word_1_86' title='bbox 1199 1904 1247 1965; x_wconf 88' lang='lat' dir='ltr'><strong>est</strong></span> <span class='ocrx_word' id='word_1_87' title='bbox 1278 1901 1318 1965; x_wconf 88' lang='lat' dir='ltr'><strong>dc</strong></span> 
     </span>
     <span class='ocr_line' id='line_1_12' title="bbox 205 2012 1317 2098; baseline 0.001 -20"><span class='ocrx_word' id='word_1_88' title='bbox 205 2013 412 2078; x_wconf 89' lang='lat' dir='ltr'><strong>uenatoribus</strong></span> <span class='ocrx_word' id='word_1_89' title='bbox 442 2012 626 2096; x_wconf 88' lang='lat' dir='ltr'><strong>canibusue,</strong></span> <span class='ocrx_word' id='word_1_90' title='bbox 654 2014 709 2097; x_wconf 91' lang='lat' dir='ltr'><strong>qui</strong></span> <span class='ocrx_word' id='word_1_91' title='bbox 732 2012 869 2077; x_wconf 88' lang='lat' dir='ltr'><strong>ferarum</strong></span> <span class='ocrx_word' id='word_1_92' title='bbox 893 2015 1037 2098; x_wconf 83' lang='lat' dir='ltr'><strong>uestigiis</strong></span> <span class='ocrx_word' id='word_1_93' title='bbox 1059 2015 1242 2079; x_wconf 89' lang='lat' dir='ltr'><strong>insistentes</strong></span> <span class='ocrx_word' id='word_1_94' title='bbox 1267 2034 1317 2079; x_wconf 88' lang='lat' dir='ltr'><strong>oa-</strong></span> 
     </span>
     <span class='ocr_line' id='line_1_13' title="bbox 205 2125 1318 2213; baseline -0.003 -20"><span class='ocrx_word' id='word_1_95' title='bbox 205 2147 280 2213; x_wconf 88' lang='lat' dir='ltr'><strong>pere</strong></span> <span class='ocrx_word' id='word_1_96' title='bbox 302 2127 492 2190; x_wconf 85' lang='lat' dir='ltr'><strong>nitebantur.</strong></span> <span class='ocrx_word' id='word_1_97' title='bbox 517 2125 619 2191; x_wconf 87' lang='lat' dir='ltr'><strong>Multa</strong></span> <span class='ocrx_word' id='word_1_98' title='bbox 642 2131 718 2191; x_wconf 91' lang='lat' dir='ltr'><strong>sunt</strong></span> <span class='ocrx_word' id='word_1_99' title='bbox 742 2128 824 2190; x_wconf 90' lang='lat' dir='ltr'><strong>enim</strong></span> <span class='ocrx_word' id='word_1_100' title='bbox 848 2127 881 2189; x_wconf 94' lang='lat' dir='ltr'><strong>in</strong></span> <span class='ocrx_word' id='word_1_101' title='bbox 907 2125 1024 2210; x_wconf 90' lang='lat' dir='ltr'><strong>quibus</strong></span> <span class='ocrx_word' id='word_1_102' title='bbox 1046 2128 1129 2192; x_wconf 89' lang='lat' dir='ltr'><strong>inter</strong></span> <span class='ocrx_word' id='word_1_103' title='bbox 1151 2147 1220 2192; x_wconf 90' lang='lat' dir='ltr'><strong>sese</strong></span> <span class='ocrx_word' id='word_1_104' title='bbox 1243 2147 1318 2191; x_wconf 89' lang='lat' dir='ltr'><strong>con·</strong></span> 
     </span>
     <span class='ocr_line' id='line_1_14' title="bbox 206 2240 1318 2325; baseline -0.001 -19"><span class='ocrx_word' id='word_1_105' title='bbox 206 2244 344 2306; x_wconf 89' lang='lat' dir='ltr'><strong>ueniunt</strong></span> <span class='ocrx_word' id='word_1_106' title='bbox 367 2243 493 2305; x_wconf 85' lang='lat' dir='ltr'><strong>uenatio</strong></span> <span class='ocrx_word' id='word_1_107' title='bbox 517 2240 710 2325; x_wconf 86' lang='lat' dir='ltr'><strong>bellumque,</strong></span> <span class='ocrx_word' id='word_1_108' title='bbox 736 2259 835 2324; x_wconf 89' lang='lat' dir='ltr'><strong>quare</strong></span> <span class='ocrx_word' id='word_1_109' title='bbox 858 2242 951 2322; x_wconf 87' lang='lat' dir='ltr'><strong>iusta,</strong></span> <span class='ocrx_word' id='word_1_110' title='bbox 974 2242 1037 2304; x_wconf 91' lang='lat' dir='ltr'><strong>nisi</strong></span> <span class='ocrx_word' id='word_1_111' title='bbox 1060 2243 1166 2305; x_wconf 93' lang='lat' dir='ltr'><strong>omnia</strong></span> <span class='ocrx_word' id='word_1_112' title='bbox 1189 2261 1238 2305; x_wconf 92' lang='lat' dir='ltr'><strong>me</strong></span> <span class='ocrx_word' id='word_1_113' title='bbox 1260 2241 1318 2305; x_wconf 82' lang='lat' dir='ltr'><strong>lal-</strong></span> 
     </span>
     <span class='ocr_line' id='line_1_15' title="bbox 206 2352 1315 2440; baseline -0.002 -21"><span class='ocrx_word' id='word_1_114' title='bbox 206 2357 288 2439; x_wconf 89' lang='lat' dir='ltr'><strong>lunt,</strong></span> <span class='ocrx_word' id='word_1_115' title='bbox 306 2356 383 2419; x_wconf 90' lang='lat' dir='ltr'><strong>haec</strong></span> <span class='ocrx_word' id='word_1_116' title='bbox 395 2355 618 2439; x_wconf 89' lang='lat' dir='ltr'><strong>Xenophontis</strong></span> <span class='ocrx_word' id='word_1_117' title='bbox 630 2353 656 2440; x_wconf 86' lang='grc'><strong>1)</strong></span> <span class='ocrx_word' id='word_1_118' title='bbox 669 2354 858 2418; x_wconf 88' lang='lat' dir='ltr'><strong>admonitio:</strong></span> <span class='ocrx_word' id='word_1_119' title='bbox 872 2352 915 2431; x_wconf 71' lang='lat' dir='ltr'><strong>ab</strong></span> <span class='ocrx_word' id='word_1_120' title='bbox 928 2357 1120 2434; x_wconf 69' lang='grc' dir='ltr'><strong>καταφρονεῖν</strong></span> <span class='ocrx_word' id='word_1_121' title='bbox 1133 2357 1315 2433; x_wconf 73' lang='grc' dir='ltr'><em>κννννεσιών.</em></span> 
     </span>
     <span class='ocr_line' id='line_1_16' title="bbox 205 2465 1098 2550; baseline -0.001 -16"><span class='ocrx_word' id='word_1_122' title='bbox 205 2471 239 2534; x_wconf 83' lang='grc' dir='ltr'><strong>ἐκ</strong></span> <span class='ocrx_word' id='word_1_123' title='bbox 261 2467 368 2533; x_wconf 75' lang='grc' dir='ltr'><em>τούτων</em></span> <span class='ocrx_word' id='word_1_124' title='bbox 389 2469 446 2550; x_wconf 75' lang='lat' dir='ltr'><strong>peip</strong></span> <span class='ocrx_word' id='word_1_125' title='bbox 468 2467 616 2546; x_wconf 68' lang='grc' dir='ltr'><em>γίγνονται</em></span> <span class='ocrx_word' id='word_1_126' title='bbox 638 2465 678 2530; x_wconf 79' lang='grc' dir='ltr'><strong>νώ</strong></span> <span class='ocrx_word' id='word_1_127' title='bbox 700 2466 739 2538; x_wconf 76' lang='grc' dir='ltr'><strong>εἷς</strong></span> <span class='ocrx_word' id='word_1_128' title='bbox 761 2467 809 2531; x_wconf 75' lang='grc' dir='ltr'><strong>τὸν</strong></span> <span class='ocrx_word' id='word_1_129' title='bbox 832 2465 960 2544; x_wconf 78' lang='grc' dir='ltr'><em>πόλεμον</em></span> <span class='ocrx_word' id='word_1_130' title='bbox 983 2465 1098 2544; x_wconf 73' lang='grc' dir='ltr'><strong>ώννιώνί.</strong></span> 
     </span>
    </p>

    <p class='ocr_par' dir='ltr' id='par_1_5' title="bbox 208 2580 1374 2779">
     <span class='ocr_line' id='line_1_17' title="bbox 255 2580 1374 2667; baseline -0.002 -20"><span class='ocrx_word' id='word_1_131' title='bbox 255 2582 322 2666; x_wconf 88' lang='lat' dir='ltr'><strong>„De</strong></span> <span class='ocrx_word' id='word_1_132' title='bbox 344 2583 571 2667; x_wconf 89' lang='lat' dir='ltr'><strong>persequendis</strong></span> <span class='ocrx_word' id='word_1_133' title='bbox 596 2580 772 2646; x_wconf 86' lang='lat' dir='ltr'><strong>hostibus.’&#39;</strong></span> <span class='ocrx_word' id='word_1_134' title='bbox 796 2580 856 2645; x_wconf 79' lang='lat' dir='ltr'><strong>Cir.</strong></span> <span class='ocrx_word' id='word_1_135' title='bbox 879 2581 974 2644; x_wconf 88' lang='lat' dir='ltr'><strong>Hom.</strong></span> <span class='ocrx_word' id='word_1_136' title='bbox 998 2580 1034 2644; x_wconf 92' lang='lat' dir='ltr'><strong>Il.</strong></span> <span class='ocrx_word' id='word_1_137' title='bbox 1059 2583 1110 2664; x_wconf 87' lang='lat'><strong>21,</strong></span> <span class='ocrx_word' id='word_1_138' title='bbox 1133 2581 1195 2644; x_wconf 85' lang='lat'><strong>602</strong></span> <span class='ocrx_word' id='word_1_139' title='bbox 1215 2580 1319 2662; x_wconf 83' lang='grc' dir='ltr'><em>κεδώιν</em></span> <span class='ocrx_word' id='word_1_140' title='bbox 1372 2649 1374 2652; x_wconf 69' lang='grc'>,</span> 
     </span>
     <span class='ocr_line' id='line_1_18' title="bbox 208 2687 1292 2779; baseline -0.003 -19"><span class='ocrx_word' id='word_1_141' title='bbox 208 2696 324 2760; x_wconf 80' lang='grc' dir='ltr'><em>διώκετο</em></span> <span class='ocrx_word' id='word_1_142' title='bbox 337 2744 344 2759; x_wconf 90' lang='grc'>.</span> <span class='ocrx_word' id='word_1_143' title='bbox 358 2743 365 2758; x_wconf 92' lang='grc'>.</span> <span class='ocrx_word' id='word_1_144' title='bbox 379 2743 408 2758; x_wconf 92' lang='grc'><strong>..</strong></span> <span class='ocrx_word' id='word_1_145' title='bbox 434 2697 470 2766; x_wconf 79' lang='grc' dir='ltr'><strong>ὥς</strong></span> <span class='ocrx_word' id='word_1_146' title='bbox 493 2692 548 2759; x_wconf 77' lang='lat' dir='ltr'><strong>alai</strong></span> <span class='ocrx_word' id='word_1_147' title='bbox 574 2692 687 2758; x_wconf 74' lang='grc' dir='ltr'><em>ἔλποιτο</em></span> <span class='ocrx_word' id='word_1_148' title='bbox 711 2692 882 2773; x_wconf 76' lang='grc' dir='ltr'><em>κιχήσεσώιιι</em></span> <span class='ocrx_word' id='word_1_149' title='bbox 906 2692 991 2757; x_wconf 77' lang='lat' dir='ltr'><strong>uaria</strong></span> <span class='ocrx_word' id='word_1_150' title='bbox 1014 2687 1074 2757; x_wconf 78' lang='grc' dir='ltr'><em>οἶσι.</em></span> <span class='ocrx_word' id='word_1_151' title='bbox 1099 2694 1136 2759; x_wconf 89' lang='lat' dir='ltr'><strong>Il.</strong></span> <span class='ocrx_word' id='word_1_152' title='bbox 1155 2694 1195 2779; x_wconf 84' lang='lat' dir='ltr'><strong>V,</strong></span> <span class='ocrx_word' id='word_1_153' title='bbox 1218 2697 1292 2758; x_wconf 87' lang='grc'><strong>223.</strong></span> 
     </span>
    </p>

    <p class='ocr_par' dir='ltr' id='par_1_6' title="bbox 209 2806 1325 3349">
     <span class='ocr_line' id='line_1_19' title="bbox 256 2806 1321 2893; baseline -0.002 -19"><span class='ocrx_word' id='word_1_154' title='bbox 256 2810 323 2893; x_wconf 87' lang='lat' dir='ltr'><strong>„De</strong></span> <span class='ocrx_word' id='word_1_155' title='bbox 353 2810 558 2875; x_wconf 89' lang='lat' dir='ltr'><strong>uenatoribus</strong></span> <span class='ocrx_word' id='word_1_156' title='bbox 589 2806 791 2873; x_wconf 89' lang='lat' dir='ltr'><strong>canibusue.&#39;&#39;</strong></span> <span class='ocrx_word' id='word_1_157' title='bbox 820 2808 1013 2893; x_wconf 87' lang='lat' dir='ltr'><strong>Inspiciatur</strong></span> <span class='ocrx_word' id='word_1_158' title='bbox 1039 2808 1262 2893; x_wconf 90' lang='lat' dir='ltr'><strong>Xenophontis</strong></span> <span class='ocrx_word' id='word_1_159' title='bbox 1284 2810 1321 2872; x_wconf 93' lang='lat' dir='ltr'><strong>li-</strong></span> 
     </span>
     <span class='ocr_line' id='line_1_20' title="bbox 209 2920 1321 3008; baseline -0.004 -18"><span class='ocrx_word' id='word_1_160' title='bbox 209 2926 322 3007; x_wconf 90' lang='lat' dir='ltr'><strong>bellus,</strong></span> <span class='ocrx_word' id='word_1_161' title='bbox 347 2926 402 3008; x_wconf 89' lang='lat' dir='ltr'><strong>qui</strong></span> <span class='ocrx_word' id='word_1_162' title='bbox 424 2923 610 2988; x_wconf 85' lang='lat' dir='ltr'><strong>inscribitur</strong></span> <span class='ocrx_word' id='word_1_163' title='bbox 627 2920 827 3002; x_wconf 68' lang='grc' dir='ltr'><em>κννκνενικώςς</em></span> <span class='ocrx_word' id='word_1_164' title='bbox 848 2923 966 3006; x_wconf 89' lang='lat' dir='ltr'><strong>passim</strong></span> <span class='ocrx_word' id='word_1_165' title='bbox 979 2923 1024 2986; x_wconf 91' lang='lat' dir='ltr'><strong>ibi</strong></span> <span class='ocrx_word' id='word_1_166' title='bbox 1038 2926 1174 2987; x_wconf 91' lang='lat' dir='ltr'><strong>occurrit</strong></span> <span class='ocrx_word' id='word_1_167' title='bbox 1186 2923 1321 2988; x_wconf 91' lang='lat' dir='ltr'><strong>uerbum</strong></span> 
     </span>
     <span class='ocr_line' id='line_1_21' title="bbox 209 3036 1322 3123; baseline -0.001 -20"><span class='ocrx_word' id='word_1_168' title='bbox 209 3038 326 3122; x_wconf 89' lang='grc' dir='ltr'><em>διώκειν,</em></span> <span class='ocrx_word' id='word_1_169' title='bbox 356 3041 408 3103; x_wconf 90' lang='lat' dir='ltr'><strong>cui</strong></span> <span class='ocrx_word' id='word_1_170' title='bbox 439 3057 530 3122; x_wconf 88' lang='lat' dir='ltr'><strong>saepe</strong></span> <span class='ocrx_word' id='word_1_171' title='bbox 560 3039 705 3122; x_wconf 86' lang='lat' dir='ltr'><strong>iungitur</strong></span> <span class='ocrx_word' id='word_1_172' title='bbox 735 3037 821 3100; x_wconf 89' lang='lat' dir='ltr'><strong>aliud</strong></span> <span class='ocrx_word' id='word_1_173' title='bbox 851 3036 996 3120; x_wconf 91' lang='lat' dir='ltr'><strong>uerbum,</strong></span> <span class='ocrx_word' id='word_1_174' title='bbox 1025 3036 1203 3123; x_wconf 76' lang='grc' dir='ltr'><em>ώκίσκεσώκι,</em></span> <span class='ocrx_word' id='word_1_175' title='bbox 1228 3040 1322 3102; x_wconf 92' lang='lat' dir='ltr'><strong>cuius</strong></span> 
     </span>
     <span class='ocr_line' id='line_1_22' title="bbox 210 3150 1325 3236; baseline -0.002 -20"><span class='ocrx_word' id='word_1_176' title='bbox 210 3153 369 3217; x_wconf 84' lang='lat' dir='ltr'><strong>auxilium</strong></span> <span class='ocrx_word' id='word_1_177' title='bbox 399 3170 463 3214; x_wconf 93' lang='lat' dir='ltr'><strong>non</strong></span> <span class='ocrx_word' id='word_1_178' title='bbox 494 3152 622 3215; x_wconf 90' lang='lat' dir='ltr'><strong>uidetur</strong></span> <span class='ocrx_word' id='word_1_179' title='bbox 652 3151 873 3234; x_wconf 86' lang='lat' dir='ltr'><strong>spernendum.</strong></span> <span class='ocrx_word' id='word_1_180' title='bbox 898 3150 960 3216; x_wconf 80' lang='lat' dir='ltr'><strong>Ofr.</strong></span> <span class='ocrx_word' id='word_1_181' title='bbox 987 3153 1015 3233; x_wconf 87' lang='lat'><strong>3,</strong></span> <span class='ocrx_word' id='word_1_182' title='bbox 1040 3153 1077 3232; x_wconf 80' lang='lat'><strong>83</strong></span> <span class='ocrx_word' id='word_1_183' title='bbox 1102 3153 1132 3234; x_wconf 81' lang='lat'><strong>4,</strong></span> <span class='ocrx_word' id='word_1_184' title='bbox 1156 3153 1192 3233; x_wconf 76' lang='lat'><strong>53</strong></span> <span class='ocrx_word' id='word_1_185' title='bbox 1219 3151 1325 3236; x_wconf 85' lang='lat'>5,16‚</span> 
     </span>
     <span class='ocr_line' id='line_1_23' title="bbox 212 3265 1087 3349; baseline 0.001 -21"><span class='ocrx_word' id='word_1_186' title='bbox 212 3268 271 3347; x_wconf 76' lang='grc'>11,</span> <span class='ocrx_word' id='word_1_187' title='bbox 297 3268 326 3349; x_wconf 88' lang='grc'>5,</span> <span class='ocrx_word' id='word_1_188' title='bbox 349 3267 404 3348; x_wconf 76' lang='lat'><strong>283</strong></span> <span class='ocrx_word' id='word_1_189' title='bbox 430 3267 459 3348; x_wconf 90' lang='grc'><strong>6,</strong></span> <span class='ocrx_word' id='word_1_190' title='bbox 484 3268 521 3345; x_wconf 79' lang='lat'><strong>33</strong></span> <span class='ocrx_word' id='word_1_191' title='bbox 545 3265 574 3348; x_wconf 87' lang='lat'><strong>6,</strong></span> <span class='ocrx_word' id='word_1_192' title='bbox 599 3266 657 3345; x_wconf 74' lang='grc'>19,</span> <span class='ocrx_word' id='word_1_193' title='bbox 684 3265 733 3348; x_wconf 89' lang='grc'>10,</span> <span class='ocrx_word' id='word_1_194' title='bbox 759 3265 808 3348; x_wconf 87' lang='grc'>19,</span> <span class='ocrx_word' id='word_1_195' title='bbox 832 3266 874 3328; x_wconf 88' lang='grc'><strong>20</strong></span> <span class='ocrx_word' id='word_1_196' title='bbox 898 3266 1087 3348; x_wconf 74' lang='lat' dir='ltr'><strong>biscopius.</strong></span> 
     </span>
    </p>

    <p class='ocr_par' dir='ltr' id='par_1_7' title="bbox 213 3378 1326 3920">
     <span class='ocr_line' id='line_1_24' title="bbox 256 3378 1324 3462; baseline -0.001 -19"><span class='ocrx_word' id='word_1_197' title='bbox 256 3379 376 3445; x_wconf 87' lang='lat' dir='ltr'><strong>Multae</strong></span> <span class='ocrx_word' id='word_1_198' title='bbox 406 3379 498 3443; x_wconf 92' lang='lat' dir='ltr'><strong>uerbi</strong></span> <span class='ocrx_word' id='word_1_199' title='bbox 528 3378 634 3442; x_wconf 75' lang='grc' dir='ltr'><em>διώκειν</em></span> <span class='ocrx_word' id='word_1_200' title='bbox 664 3380 749 3462; x_wconf 90' lang='lat' dir='ltr'><strong>apud</strong></span> <span class='ocrx_word' id='word_1_201' title='bbox 778 3398 887 3442; x_wconf 88' lang='lat' dir='ltr'><strong>omnes</strong></span> <span class='ocrx_word' id='word_1_202' title='bbox 912 3381 1080 3462; x_wconf 88' lang='lat' dir='ltr'><strong>scriptores</strong></span> <span class='ocrx_word' id='word_1_203' title='bbox 1104 3380 1324 3462; x_wconf 89' lang='lat' dir='ltr'><strong>cuiuscunque</strong></span> 
     </span>
     <span class='ocr_line' id='line_1_25' title="bbox 213 3493 1325 3577; baseline -0.003 -19"><span class='ocrx_word' id='word_1_204' title='bbox 213 3496 325 3558; x_wconf 87' lang='lat' dir='ltr'><strong>aetatis</strong></span> <span class='ocrx_word' id='word_1_205' title='bbox 348 3499 380 3557; x_wconf 89' lang='lat' dir='ltr'><strong>et</strong></span> <span class='ocrx_word' id='word_1_206' title='bbox 402 3495 625 3576; x_wconf 88' lang='lat' dir='ltr'><strong>cuiuscunque</strong></span> <span class='ocrx_word' id='word_1_207' title='bbox 646 3494 773 3577; x_wconf 83' lang='lat' dir='ltr'><strong>generis</strong></span> <span class='ocrx_word' id='word_1_208' title='bbox 797 3497 969 3556; x_wconf 89' lang='lat' dir='ltr'><strong>occurrunt</strong></span> <span class='ocrx_word' id='word_1_209' title='bbox 992 3493 1223 3576; x_wconf 89' lang='lat' dir='ltr'><strong>translationes,</strong></span> <span class='ocrx_word' id='word_1_210' title='bbox 1248 3511 1325 3576; x_wconf 87' lang='lat' dir='ltr'><strong>qua-</strong></span> 
     </span>
     <span class='ocr_line' id='line_1_26' title="bbox 213 3604 1326 3691; baseline -0.004 -19"><span class='ocrx_word' id='word_1_211' title='bbox 213 3628 287 3673; x_wconf 92' lang='lat' dir='ltr'><strong>rum</strong></span> <span class='ocrx_word' id='word_1_212' title='bbox 310 3627 374 3671; x_wconf 94' lang='lat' dir='ltr'><strong>non</strong></span> <span class='ocrx_word' id='word_1_213' title='bbox 398 3626 518 3691; x_wconf 88' lang='lat' dir='ltr'><strong>paucae</strong></span> <span class='ocrx_word' id='word_1_214' title='bbox 541 3606 713 3670; x_wconf 86' lang='lat' dir='ltr'><strong>ostendunt</strong></span> <span class='ocrx_word' id='word_1_215' title='bbox 734 3608 937 3670; x_wconf 87' lang='lat' dir='ltr'><strong>uenationem</strong></span> <span class='ocrx_word' id='word_1_216' title='bbox 962 3608 1123 3690; x_wconf 88' lang='lat' dir='ltr'><strong>scriptoris</strong></span> <span class='ocrx_word' id='word_1_217' title='bbox 1145 3608 1251 3669; x_wconf 87' lang='lat' dir='ltr'><strong>animo</strong></span> <span class='ocrx_word' id='word_1_218' title='bbox 1272 3604 1326 3669; x_wconf 95' lang='lat' dir='ltr'><strong>ob-</strong></span> 
     </span>
     <span class='ocr_line' id='line_1_27' title="bbox 214 3719 1326 3806; baseline -0.006 -18"><span class='ocrx_word' id='word_1_219' title='bbox 214 3729 374 3789; x_wconf 87' lang='lat' dir='ltr'><strong>uersatam</strong></span> <span class='ocrx_word' id='word_1_220' title='bbox 397 3741 475 3806; x_wconf 87' lang='lat' dir='ltr'><strong>esso,</strong></span> <span class='ocrx_word' id='word_1_221' title='bbox 498 3723 557 3785; x_wconf 89' lang='lat' dir='ltr'><strong>hoc</strong></span> <span class='ocrx_word' id='word_1_222' title='bbox 580 3721 678 3785; x_wconf 91' lang='lat' dir='ltr'><strong>uerbo</strong></span> <span class='ocrx_word' id='word_1_223' title='bbox 703 3741 775 3785; x_wconf 87' lang='lat' dir='ltr'><strong>oum</strong></span> <span class='ocrx_word' id='word_1_224' title='bbox 799 3725 952 3786; x_wconf 90' lang='lat' dir='ltr'><strong>uteretur.</strong></span> <span class='ocrx_word' id='word_1_225' title='bbox 977 3719 1326 3802; x_wconf 65' lang='lat' dir='ltr'><strong>mancunium</strong></span> 
     </span>
     <span class='ocr_line' id='line_1_28' title="bbox 215 3829 1111 3920; baseline -0.007 -20"><span class='ocrx_word' id='word_1_226' title='bbox 215 3835 263 3900; x_wconf 87' lang='grc' dir='ltr'><strong>νὺν</strong></span> <span class='ocrx_word' id='word_1_227' title='bbox 286 3836 322 3899; x_wconf 84' lang='grc' dir='ltr'><strong>σὺ</strong></span> <span class='ocrx_word' id='word_1_228' title='bbox 344 3835 398 3914; x_wconf 77' lang='grc' dir='ltr'><strong>μὲν</strong></span> <span class='ocrx_word' id='word_1_229' title='bbox 422 3829 475 3899; x_wconf 78' lang='grc' dir='ltr'><strong>ὧδε</strong></span> <span class='ocrx_word' id='word_1_230' title='bbox 498 3832 565 3906; x_wconf 80' lang='grc' dir='ltr'><em>ώέεις</em></span> <span class='ocrx_word' id='word_1_231' title='bbox 588 3833 723 3912; x_wconf 75' lang='grc' dir='ltr'><em>ώκίχκνιν</em></span> <span class='ocrx_word' id='word_1_232' title='bbox 745 3832 858 3897; x_wconf 85' lang='grc' dir='ltr'><em>διώκων.</em></span> <span class='ocrx_word' id='word_1_233' title='bbox 887 3833 936 3916; x_wconf 89' lang='grc'>13,</span> <span class='ocrx_word' id='word_1_234' title='bbox 960 3833 1002 3895; x_wconf 85' lang='grc'><strong>64</strong></span> <span class='ocrx_word' id='word_1_235' title='bbox 1014 3830 1050 3920; x_wconf 70' lang='lat'><strong>²).</strong></span> <span class='ocrx_word' id='word_1_236' title='bbox 1106 3870 1111 3878; x_wconf 81' lang='lat'><strong>·</strong></span> 
     </span>
    </p>
   </div>
   <div class='ocr_carea' id='block_1_4' title="bbox 218 4030 363 4040">
    <p class='ocr_par' dir='ltr' id='par_1_8' title="bbox 218 4030 363 4040">
     <span class='ocr_line' id='line_1_29' title="bbox 218 4030 363 4040; baseline -0.014 0"><span class='ocrx_word' id='word_1_237' title='bbox 218 4030 363 4040; x_wconf 71' lang='grc'>.--.---</span> 
     </span>
    </p>
   </div>
   <div class='ocr_carea' id='block_1_5' title="bbox 219 4155 1333 4480">
    <p class='ocr_par' dir='ltr' id='par_1_9' title="bbox 219 4155 1333 4480">
     <span class='ocr_line' id='line_1_30' title="bbox 252 4155 673 4224; baseline -0.005 -14"><span class='ocrx_word' id='word_1_238' title='bbox 252 4159 278 4223; x_wconf 88' lang='grc'><strong>1)</strong></span> <span class='ocrx_word' id='word_1_239' title='bbox 297 4159 413 4224; x_wconf 86' lang='lat' dir='ltr'><strong>Xenoph.</strong></span> <span class='ocrx_word' id='word_1_240' title='bbox 431 4159 589 4220; x_wconf 76' lang='grc' dir='ltr'><em>Κνννγετικός</em></span> <span class='ocrx_word' id='word_1_241' title='bbox 607 4155 673 4218; x_wconf 65' lang='lat'><strong>21.</strong></span> 
     </span>
     <span class='ocr_line' id='line_1_31' title="bbox 252 4243 1333 4315; baseline -0.008 -12"><span class='ocrx_word' id='word_1_242' title='bbox 252 4253 277 4315; x_wconf 69' lang='lat'><strong>2)</strong></span> <span class='ocrx_word' id='word_1_243' title='bbox 294 4250 347 4305; x_wconf 60' lang='grc' dir='ltr'><strong>(δὴ.</strong></span> <span class='ocrx_word' id='word_1_244' title='bbox 370 4251 437 4303; x_wconf 85' lang='lat' dir='ltr'><strong>Plat.</strong></span> <span class='ocrx_word' id='word_1_245' title='bbox 460 4250 537 4301; x_wconf 86' lang='lat' dir='ltr'><strong>Lacb.</strong></span> <span class='ocrx_word' id='word_1_246' title='bbox 563 4247 612 4299; x_wconf 76' lang='lat'><strong>194</strong></span> <span class='ocrx_word' id='word_1_247' title='bbox 635 4247 762 4306; x_wconf 81' lang='grc' dir='ltr'><em>Βνώκνῦν,</em></span> <span class='ocrx_word' id='word_1_248' title='bbox 779 4243 797 4296; x_wconf 69' lang='lat' dir='ltr'><strong>al</strong></span> <span class='ocrx_word' id='word_1_249' title='bbox 815 4248 882 4311; x_wconf 74' lang='grc' dir='ltr'>φίλε,</span> <span class='ocrx_word' id='word_1_250' title='bbox 899 4249 940 4297; x_wconf 73' lang='grc' dir='ltr'><strong>τὸν</strong></span> <span class='ocrx_word' id='word_1_251' title='bbox 957 4247 1047 4309; x_wconf 74' lang='lat' dir='ltr'><strong>cipalis</strong></span> <span class='ocrx_word' id='word_1_252' title='bbox 1066 4245 1198 4308; x_wconf 77' lang='grc' dir='ltr'><em>κνννγέτνν</em></span> <span class='ocrx_word' id='word_1_253' title='bbox 1217 4245 1333 4307; x_wconf 76' lang='grc' dir='ltr'><em>μεταθεῖν</em></span> 
     </span>
     <span class='ocr_line' id='line_1_32' title="bbox 219 4336 1032 4407; baseline -0.002 -13"><span class='ocrx_word' id='word_1_254' title='bbox 219 4343 267 4407; x_wconf 74' lang='grc' dir='ltr'><strong>χρὴ</strong></span> <span class='ocrx_word' id='word_1_255' title='bbox 284 4342 328 4393; x_wconf 65' lang='lat' dir='ltr'><strong>aar*</strong></span> <span class='ocrx_word' id='word_1_256' title='bbox 341 4343 375 4406; x_wconf 70' lang='grc' dir='ltr'><strong>μὴ</strong></span> <span class='ocrx_word' id='word_1_257' title='bbox 392 4341 487 4394; x_wconf 81' lang='grc' dir='ltr'><em>ώνιένιιι.</em></span> <span class='ocrx_word' id='word_1_258' title='bbox 504 4341 537 4393; x_wconf 88' lang='lat' dir='ltr'><strong>Et</strong></span> <span class='ocrx_word' id='word_1_259' title='bbox 553 4340 630 4407; x_wconf 84' lang='lat' dir='ltr'><strong>Soph.</strong></span> <span class='ocrx_word' id='word_1_260' title='bbox 647 4340 734 4407; x_wconf 78' lang='lat' dir='ltr'><strong>Antig.</strong></span> <span class='ocrx_word' id='word_1_261' title='bbox 752 4340 817 4402; x_wconf 76' lang='grc' dir='ltr'><em>ώνρᾶν</em></span> <span class='ocrx_word' id='word_1_262' title='bbox 831 4337 975 4402; x_wconf 76' lang='grc' dir='ltr'><em>νώμῆχνιννι,</em></span> <span class='ocrx_word' id='word_1_263' title='bbox 992 4336 1032 4392; x_wconf 70' lang='lat'><strong>92.</strong></span> 
     </span>
     <span class='ocr_line' id='line_1_33' title="bbox 1216 4427 1234 4480; baseline 0 0"><span class='ocrx_word' id='word_1_264' title='bbox 1216 4427 1234 4480; x_wconf 83' lang='grc'>5</span> 
     </span>
    </p>
   </div>
   <div class='ocr_carea' id='block_1_6' title="bbox 0 0 1553 4980">
    <p class='ocr_par' dir='ltr' id='par_1_10' title="bbox 0 0 1553 4980">
     <span class='ocr_line' id='line_1_34' title="bbox 0 0 1553 4980; baseline 0 0"><span class='ocrx_word' id='word_1_265' title='bbox 0 0 1553 4980; x_wconf 95' lang='lat' dir='ltr'><strong> </strong></span> 
     </span>
    </p>
   </div>
  </div>
 </body>
</html>
