3038 4980
836 478 877 541 90

290 661 461 744 πράγματα
490 661 556 732 τοὺς
586 660 734 736 συνθντας,
760 660 793 736 ἣν
815 660 846 726 δέ
868 686 896 726 τι
918 659 1087 744 αντικθπτμ,
1108 662 1187 735 εὐθὺς
1208 660 1408 741 μεταβοέλλε·

290 779 365 852 σθαι,
389 778 459 842 ἀλλ’
484 774 575 859 ὥσπερ
598 778 626 841 ἐν
647 775 692 851 ναὶ
712 776 918 851 διαπονεῖσθαι,
939 774 990 849 ἕως
1009 775 1046 840 έιν
1066 777 1105 850 εἰς
1123 769 1197 852 οὖρον
1209 780 1409 851 καταστῶσιν,

238 908 240 913 ·
289 916 316 956 κ.
328 914 355 955 τ.
369 905 398 957 λ.
421 891 519 957 Recte
540 892 696 956 iudicanti
719 892 845 955 nullum
865 895 967 976 potest
986 910 1150 956 remanere
1162 891 1308 975 dubium,
1322 892 1410 956 unde

290 1006 464 1070 similitudo
488 1007 530 1071 sit
553 1010 629 1071 orta.

332 1120 465 1205 Saepius
500 1122 585 1205 apud
618 1120 836 1203 Thucydidem
870 1121 1007 1184 occurrit
1042 1119 1178 1184 uerbum
1212 1120 1407 1184 translatum

287 1231 452 1314 ἐπαίρεσθαι
478 1236 505 1318 1,
530 1236 602 1321 128,
627 1236 663 1314 3,
688 1236 719 1318 4,
740 1235 789 1311 18,
807 1235 838 1301 4.
863 1232 963 1298 Cuius
984 1253 1065 1318 quae
1086 1234 1127 1298 sit
1145 1235 1302 1299 sententia
1315 1233 1407 1298 docet

288 1346 398 1429 Polyb.
432 1350 462 1431 4,
493 1350 536 1412 48
565 1344 698 1429 ἐπαρθεὶς
728 1352 787 1420 τοῖς
810 1344 1000 1426 εὐτυχήμασι
1023 1345 1105 1428 παρθι
1128 1343 1221 1419 πέδας
1246 1342 1404 1420 ἐξώκειλεν.

287 1461 396 1546 Magni
420 1464 572 1527 momenti
595 1481 671 1526 sane
696 1481 765 1526 esse
788 1461 916 1526 uidetur
936 1462 1017 1525 illud
1039 1457 1208 1535 ἐξοκέλλειν,
1233 1483 1308 1528 cum
1321 1466 1404 1528 sitne

288 1576 327 1642 ab
351 1581 418 1641 arte
440 1577 613 1660 nauigandi
638 1576 732 1640 ducta
755 1594 855 1640 necne
878 1576 1061 1660 metaphora
1083 1595 1209 1641 omnem
1231 1582 1273 1641 ex‘
1297 1580 1404 1642 animo

288 1689 405 1756 euellat
439 1690 635 1774 scrupulum.
672 1687 886 1773 Opponuntur
918 1690 1001 1753 inter
1036 1707 1070 1753 sc
1104 1687 1228 1770 ἐπαίρειν
1262 1688 1342 1754 ἱστία
1372 1696 1403 1756 et

288 1801 401 1885 ὑφιέναι
432 1840 473 1850 -
505 1802 577 1867 uela
607 1804 681 1867 dare
712 1807 743 1866 et
776 1802 849 1866 uela
872 1803 1065 1867 contrahere.
1089 1802 1149 1868 Ofr.
1172 1804 1259 1868 Plut.
1283 1803 1360 1869 Luc.
1385 1807 1404 1869 3

291 1917 355 1995 μεθ’
390 1914 500 1997 ἡμέραν
535 1915 590 1993 μέν
623 1913 786 1997 ὑφειμένοις
820 1913 915 1978 πλέων
948 1921 1010 1988 τοῖς
1044 1913 1141 1988 ἱστίοις
1172 1913 1223 1980 καὶ
1246 1923 1403 1991 ταπεινοῖς,

290 2027 395 2111 νθκτοιρ
417 2029 444 2094 δ’
468 2026 670 2109 ἐπαιρομένοις.
694 2028 778 2093 Raro
801 2032 836 2093 nt
862 2029 889 2112 l,
914 2029 986 2112 130,
1011 2030 1027 2091 1
1050 2030 1188 2113 simplici
1209 2014 1308 2095 ncrbo
1321 2027 1403 2112 αἴρειν

292 2146 351 2209 hoc
375 2163 472 2209 sensu
496 2148 633 2208 utuntur
654 2144 761 2207 Attici.

336 2259 416 2323 Uela
443 2258 604 2322 interdum
636 2259 834 2322 minuuntur.
867 2256 928 2321 cfr.
958 2253 1404 2337 Ρ1114.128Βόἰ’σπερὶστθον

290 2372 323 2436 τὸ
346 2375 434 2449 σῶμα
456 2369 633 2437 συστέλλειν.
656 2372 816 2456 Aristoph.
840 2371 919 2436 Ran.
944 2373 1015 2435 998.
1039 2371 1119 2436 Inde
1142 2373 1219 2437 haec
1237 2374 1402 2438 translatio

292 2488 321 2569 8,
351 2487 382 2568 4,
414 2487 432 2548 2
463 2481 490 2548 εἴ
516 2482 570 2549 ποθ
602 2507 629 2548 τι
651 2483 739 2548 έδθκει
761 2481 876 2566 έιχοειον
898 2483 1105 2549 ἀναλίσκεσθαι
1127 2483 1351 2564 ξιιστελλθμενοι
1371 2489 1403 2560 ές

289 2597 442 2683 εὐτέλειαν,
472 2601 693 2664 contrahentes
723 2601 757 2662 in
786 2601 1021 2683 parsimoniam.
1044 2599 1188 2664 Eandem
1212 2603 1401 2666 sententiam

289 2712 440 2798 praebent
471 2732 552 2797 quae
583 2713 734 2783 dicuntur
765 2715 794 2795 8,
827 2714 855 2796 1,
887 2715 906 2776 3
937 2713 967 2785 ές
989 2710 1136 2776 εὐτέλειαν
1157 2713 1348 2794 comperirem
1373 2721 1403 2781 et

289 2827 359 2891 aliis
389 2828 482 2891 etiam
514 2826 621 2891 uerbis
652 2826 734 2890 idem
758 2825 954 2910 significatur
978 2828 1007 2910 8,
1031 2826 1082 2910 86,
1108 2826 1137 2910 6,
1159 2827 1234 2891 uide
1255 2848 1327 2913 pag.
1352 2831 1402 2894 83.

288 2941 361 3006 Non
384 2943 497 3026 agitur,
520 2943 622 3024 credo,
646 2942 684 3006 de
705 2941 888 3024 sumptibus
911 2942 1053 3025 priuatis,
1076 2945 1112 3005 ut
1131 2943 1300 3007 scholiasta
1312 2944 1403 3008 intel-

287 3055 373 3138 legit,
396 3054 462 3137 sed,
484 3060 521 3118 ut
544 3053 642 3118 uerba
665 3057 720 3117 τῶν
744 3052 1004 3126 marisburias
1028 3057 1105 3120 satis
1128 3056 1281 3139 indicant,
1306 3078 1402 3141 quam

288 3168 322 3230 in
352 3187 403 3231 res
433 3187 537 3232 sacras
568 3169 660 3232 iuxta
689 3173 784 3251 atque
807 3188 907 3232 nanas
930 3170 1097 3252 pecuniam
1119 3169 1346 3253 impendebant
1368 3173 1402 3235 in

288 3281 362 3345 belli
392 3301 487 3345 nsum
518 3286 702 3346 conuertere
733 3281 881 3346 uolebant
904 3282 1136 3363 Athenienses3
1160 3287 1191 3347 et
1215 3286 1403 3349 necessitate

288 3395 372 3458 docti
401 3395 440 3458 ad
472 3394 672 3479 disciplinam
695 3415 731 3458 ac
754 3397 979 3460 continentiam
1002 3396 1105 3461 redire
1129 3397 1280 3462 uolebant
1303 3400 1402 3464 nullis

287 3509 320 3570 in
352 3507 449 3572 rebus
475 3507 604 3572 modum
630 3509 827 3573 excedentes.
851 3508 924 3592 lpse
945 3509 1147 3592 Thucydides
1170 3531 1304 3576 suornm
1330 3533 1402 3578 uer-

286 3620 400 3684 borum
432 3626 481 3685 est
505 3620 608 3685 fidelis
630 3623 793 3705 interpres.
816 3621 922 3686 Latini
945 3625 991 3687 sic
1016 3624 1126 3688 dicunt
1148 3626 1310 3709 impensas
1334 3647 1402 3691 cor·

286 3736 387 3818 ripere
410 3740 441 3799 et
464 3735 595 3799 modum
619 3736 767 3800 adhibere
790 3737 980 3821 sumptibus.
1005 3737 1090 3802 Suet.
1113 3739 1188 3804 Ner.
1202 3740 1251 3802 16.
1263 3739 1401 3806 Rectum

286 3868 416 3912 cursum
439 3854 475 3913 ut
498 3853 602 3914 teneat
625 3851 718 3915 nauis
743 3870 822 3934 opus
835 3855 883 3915 est
894 3852 1116 3935 gubernatore,
1130 3854 1185 3936 qui
1196 3852 1289 3918 firma
1303 3875 1400 3920 manu

286 3966 389 4027 teneat
413 3965 552 4030 clauum.
577 3959 676 4028 Οἴακα
699 3961 793 4041 νέμειν
817 3964 1061 4047 dicuntGraeci.
1076 3967 1217 4031 Uerhnm
1230 3969 1400 4035 hocsensu

287 4078 438 4142 translato
470 4098 535 4142 uno
566 4084 689 4142 tantum
720 4080 788 4142 loco
820 4081 956 4143 occurrit
987 4083 1016 4164 8,
1049 4082 1098 4165 70,
1132 4082 1147 4143 l
1180 4080 1220 4146 τοέ
1249 4106 1284 4146 τε
1317 4081 1400 4148 ἄλλα

284 4187 383 4268 ἔνεμον
406 4190 486 4255 κοιτθι
507 4190 610 4272 κρατος
632 4189 684 4263 τὴν
706 4190 807 4255 πθλινε
830 4188 1051 4259 administrare
1073 4196 1314 4279 rempublicam.
1336 4197 1398 4263 cfr.

285 4304 401 4370 Herod.
427 4307 455 4389 1,
480 4306 538 4387 59;
564 4307 593 4389 3,
617 4307 675 4387 393
701 4310 729 4390 b,
754 4307 807 4372 29.
