3038 4980
779 514 781 518 ’
820 501 884 566 118

300 692 332 756 τὸ
367 688 455 772 ἔργον,
489 709 563 754 oum
597 708 662 754 nox
695 708 774 773 opus
805 689 1018 773 oppressisset.
1048 686 1204 772 Impetum
1231 688 1415 755 uiolentam

296 807 352 889 qui
383 803 459 869 facit
488 806 523 866 in
553 803 675 868 hostem
704 803 820 866 dicitur
849 799 1044 881 προσπίπτειν.
1076 800 1178 866 Sensu
1205 802 1361 867 translato
1384 805 1415 887 8,

297 920 349 1002 84,
373 919 392 980 2
417 917 573 981 dicuntur
595 922 711 981 nautae
730 911 899 996 θρασύτατα
917 911 1124 995 προσπεσόντες
1142 914 1191 979 τὸν
1209 914 1310 991 μισθὸν
1322 915 1415 980 άπαι-

294 1037 367 1101 ,τεῖν
403 1029 521 1095 Hostes
551 1029 657 1094 locum
692 1029 831 1113 aliquem
865 1028 919 1093 uel
952 1029 1128 1093 exercitum
1163 1029 1413 1110 circumsidunt3

304 1140 480 1225 περιιστάναι
507 1143 619 1208 dicunt
641 1141 761 1207 Graeci.
782 1139 983 1206 Transfertur
1004 1143 1039 1204 in
1062 1146 1183 1206 metum
1201 1146 1238 1206 ‘et
1259 1162 1412 1227 pauorem

296 1259 325 1340 8,
349 1259 378 1340 1,
402 1258 430 1319 2.
455 1256 508 1320 cfr.
534 1257 563 1338 3,
586 1256 638 1338 54,
661 1258 680 1318 5
704 1259 735 1319 et
756 1257 790 1317 in
813 1255 954 1339 pericula
977 1255 1009 1337 8,
1032 1255 1062 1337 2,
1084 1256 1114 1317 4.
1134 1252 1194 1317 Cir.
1213 1253 1329 1321 Liuius
1349 1255 1411 1340 e,2

296 1391 369 1436 cum
399 1371 480 1434 tanti
508 1369 653 1452 undique
676 1375 812 1434 terrores
834 1369 1085 1433 circumstarent
1109 1366 1181 1435 Tac.
1205 1367 1287 1434 Hist.
1313 1372 1345 1453 4,
1369 1371 1410 1434 79

296 1486 546 1549 circumsteterat
567 1481 703 1547 Ciuilem
726 1486 757 1547 et
780 1481 863 1546 alius
885 1486 999 1546 metus.

339 1597 392 1661 Ab
425 1597 495 1680 ipsa
529 1615 637 1680 pugna
666 1595 726 1660 hae
754 1593 911 1679 profectae
934 1599 1010 1660 sunt
1034 1595 1275 1661 translationes:
1298 1594 1411 1675 διαμά

300 1710 407 1790 χεσθαι
431 1709 606 1794 digladiari,
629 1709 828 1794 contendere,
852 1709 1019 1775 defendere
1042 1710 1072 1793 3,
1094 1710 1147 1794 40,
1170 1711 1190 1772 2
1213 1709 1271 1788 ἐγὼ
1291 1710 1347 1788 μὲν
1366 1704 1413 1775 οὖν

305 1823 356 1888 καὶ
388 1823 455 1889 τθτε
478 1821 529 1887 καὶ
554 1825 601 1887 νῦν
625 1821 820 1902 διαμάχομαι
841 1828 872 1888 et
895 1825 924 1906 3,
946 1825 999 1908 42,
1022 1825 1041 1886 2
1065 1823 1131 1896 τούς
1153 1847 1187 1887 τε
1208 1822 1313 1902 λόγους
1335 1821 1413 1898 ὅστις

302 1936 488 2016 διαμάχεται
512 1935 556 2014 μὴ
578 1935 771 2007 διδασκάλους
794 1939 849 2000 τῶν
871 1933 1056 2016 πραγμάτων
1080 1935 1241 2015 γίγνεσθαι.
1263 1937 1325 2002 cfr.
1336 1937 1412 2004 Eur.

297 2054 366 2116 Α15.
399 2052 480 2133 694;
510 2050 594 2116 Xen.
624 2051 727 2115 Anub.
757 2052 785 2134 5,
809 2053 838 2125 8,
861 2052 920 2131 23;
944 2051 1022 2116 Plat.
1045 2049 1191 2136 Reipubl.
1213 2051 1257 2135 Π,
1279 2052 1344 2116 380
1366 2051 1412 2132 Β;

300 2165 394 2231 nun.
417 2146 519 2229 Huic.
543 2167 573 2249 2,
597 2165 647 2228 so.
670 2164 792 2230 nouom
815 2184 913 2230 sensu
937 2167 966 2248 5,
988 2165 1041 2248 45,
1063 2166 1084 2229 4
1107 2171 1138 2230 ot
1157 2164 1187 2248 5,
1207 2166 1290 2249 74,1
1311 2168 1414 2232 nutu

300 2279 500 2362 Thucydides
523 2278 622 2344 uerbo
645 2279 817 2358 ἐπικρατεῖν.

345 2392 394 2457 Ob
425 2393 510 2477 quod
533 2412 673 2478 pugnam
696 2395 810 2458 ineunt
831 2393 937 2458 hostes
959 2393 992 2457 id
1016 2393 1132 2458 dicitur
1154 2391 1359 2474 περιμάχητον
1385 2396 1413 2479 7,

302 2508 353 2589 84,
379 2508 408 2573 5.
431 2505 631 2571 Transfertur
653 2508 687 2570 in
710 2527 836 2590 aquam,
858 2504 908 2569 καὶ
932 2503 1134 2586 περιμάχητον
1156 2500 1190 2580 ἦν
1208 2513 1412 2581 τοῖςπσλλσῖς.

302 2618 362 2683 Gfr.
385 2619 545 2705 Aristoph.
567 2618 691 2684 Thesm.
715 2619 796 2700 319;
820 2619 898 2683 Plat
922 2618 961 2684 de
979 2618 1053 2704 Leg.
1074 2621 1138 2684 815
1158 2621 1189 2683 οὐ
1207 2618 1413 2701 περιμάχητος

301 2727 334 2807 ἦν
356 2733 455 2804 αὐτοῖς
477 2731 494 2805 ἡ
518 2731 619 2813 τροφή.

346 2848 489 2931 Ancipiti
510 2849 546 2910 in
567 2847 686 2931 proelio
710 2853 880 2912 uersentur
902 2847 1046 2933 undique
1068 2851 1124 2934 qui
1148 2850 1219 2916 telis
1242 2855 1413 2935 petuntur3

303 2960 467 3042 άμφίβιλοι
489 2961 641 3026 dicuntur
664 2961 789 3028 Graece.
813 2961 874 3026 On.
893 2965 924 3046 4,
945 2963 997 3047 36,
1018 2966 1037 3028 3
1057 2963 1113 3028 ubi
1124 2964 1224 3029 uerba
1234 2962 1414 3042 βαλλόμενοι

304 3099 336 3138 τε
359 3073 563 3156 ἀμφοτέρωθεν
585 3077 679 3160 plane
701 3078 950 3161 interpretantur
973 3077 1059 3162 quod
1081 3097 1157 3143 mox
1177 3081 1324 3162 sequitur
1343 3098 1415 3145 uer·

304 3187 579 3269 hum‘rtrocpr'ssoaor.
602 3187 664 3255 afr.
687 3192 717 3272 4,
742 3191 794 3273 32,
819 3191 847 3254 3.
868 3189 1033 3256 Transitus
1051 3197 1089 3256 ut
1107 3194 1151 3256 ita
1171 3193 1416 3259 dicamasensu

304 3303 433 3387 proprio
464 3302 503 3365 ad
535 3303 724 3367 translatum
746 3305 911 3367 inuenitur
935 3305 965 3387 2,
992 3304 1043 3388 76,
1068 3306 1087 3368 3
1111 3293 1177 3369 ubi
1190 3304 1240 3369 καὶ
1262 3306 1292 3369 ἐν
1314 3305 1415 3388 άμφι-

306 3413 400 3495 βθλῳ.
419 3417 535 3493 μᾶλλον
569 3414 718 3493 γίγνεσθαι
752 3418 836 3482 idern
867 3418 953 3482 ualet
985 3438 1022 3482 ao
1043 3420 1077 3481 in
1100 3422 1265 3503 angustias
1290 3420 1415 3486 deduci.

303 3529 479 3593 Translatio
501 3531 570 3613 ipsa
593 3531 730 3594 occurrit
752 3539 783 3613 4,
808 3531 858 3612 18,
882 3532 903 3593 4
926 3530 1047 3606 rasura
1069 3531 1099 3602 ἐς
1117 3529 1291 3611 άμφίβολον
1309 3533 1416 3614 άσφοι-

304 3647 362 3715 λῶς
384 3640 485 3708 ἔθεντο.

348 3756 523 3821 Translatio
563 3755 652 3821 uerbi
686 3754 875 3820 ἀναστέλλειν
910 3777 1038 3842 quoque
1072 3759 1111 3823 ud
1145 3778 1212 3823 rem
1245 3761 1416 3828 militarem

303 3871 482 3936 reuocanda
503 3871 640 3935 uidetur.
663 3871 794 3955 Proprie
817 3873 917 3936 utitur
939 3872 1138 3954 Thucydides
1159 3875 1188 3957 3,
1208 3875 1259 3957 98,
1281 3872 1416 3949 1τοξευ-

304 3984 398 4062 όμενοι
421 3984 477 4065 γάρ
499 3983 523 4047 οἱ
545 3982 670 4047 Αἰτωλοὶ
693 3983 909 4068 άνεστὲλλσντσ,
930 3987 1037 4051 Aetoli
1060 3989 1183 4071 sagittis
1205 3989 1297 4071 periti
1319 3992 1417 4074 repri-

305 4098 483 4182 mebantur,
506 4105 537 4163 et
561 4101 589 4182 6,
615 4099 665 4176 70,
690 4101 709 4161 3
733 4095 759 4160 εἴ
778 4121 859 4170 τινας
881 4096 1107 4179 προσδιάκοντας
1130 4097 1214 4165 ἴδοιεν
1233 4100 1415 4166 άνέστελλον.

305 4213 339 4277 Si
373 4233 453 4297 quos
487 4215 615 4297 longius
644 4215 849 4297 insequentes
868 4215 1166 4279 animaduertissent
1188 4234 1242 4280 eos
1265 4219 1415 4300 reprime

305 4326 399 4407 bant;
436 4328 465 4410 6,
502 4329 531 4411 2,
566 4328 584 4389 5
619 4324 685 4398 rodo
719 4350 752 4390 τε
786 4327 925 4398 Σικανοὺς
959 4332 1130 4407 κρατοῦντες
1163 4327 1254 4411 μάχρ
1286 4328 1414 4394 ἀνέστει-
