3038 4980
741 489 782 551 26

199 679 261 744 bus
286 677 406 742 Graeci.
430 678 484 742 cfr.
507 698 588 743 usus
613 679 814 761 domesticus,
838 679 984 763 exempla
1008 678 1181 745 domestica
1200 684 1234 746 et
1254 700 1319 747 ses-

200 797 291 858 cento
314 792 384 858 alia.

245 905 426 971 Claustrum
447 907 565 971 totiens
589 908 642 972 sui
665 905 875 971 transferendi
896 907 1095 972 occasionem
1115 907 1210 992 dedit,
1234 912 1273 973 ut
1290 912 1319 975 si

200 1021 299 1086 uerbo
330 1021 497 1105 tetigerim,
526 1020 605 1083 nihil
638 1021 723 1085 ultra
753 1020 958 1085 desideretur.
988 1019 1060 1084 Hoc
1082 1025 1189 1085 tamen
1213 1041 1319 1086 unum

200 1135 395 1200 monendum
419 1135 555 1199 uidetur.
580 1134 662 1200 Sunt
687 1137 743 1219 qui
762 1140 877 1219 putent
890 1135 913 1216 1)
933 1155 1008 1200 cum
1028 1137 1198 1220 scriptores
1218 1137 1318 1202 uerbo

198 1247 299 1313 κλείειν
330 1251 465 1334 eiusque
499 1251 683 1334 compositis
714 1254 847 1315 utantur
870 1269 938 1314 eam
963 1269 1033 1315 esse
1055 1252 1133 1334 uim,
1156 1255 1195 1315 ut
1217 1252 1320 1317 clauis

199 1364 286 1426 notio
317 1367 373 1427 aut
403 1365 533 1427 omnino
565 1362 647 1427 absit
669 1367 725 1427 aut
756 1364 867 1428 saltem
888 1383 1003 1448 magna
1022 1383 1063 1429 ex
1085 1369 1175 1448 parte
1198 1367 1242 1430 sit
1266 1365 1321 1430 ob·

200 1480 334 1541 seurota.
364 1475 442 1540 Tota
470 1478 526 1541 uia
557 1481 672 1560 errant,
702 1479 737 1540 ni
758 1476 868 1558 fallor,
895 1476 1091 1541 uocabulum
1116 1478 1202 1543 enim
1240 1477 1320 1551 κλείς

204 1590 326 1677 (atala)
362 1592 444 1655 hanc
484 1593 552 1655 uim
582 1590 677 1656 habet
707 1611 799 1656 suam
824 1611 860 1656 ac
883 1592 1041 1676 propriam
1066 1595 1102 1656 ut
1125 1592 1206 1655 nihil
1232 1593 1320 1658 aliud

198 1706 348 1790 primitus
387 1704 578 1790 significaret
612 1707 676 1770 nisi
712 1724 814 1770 seram
849 1709 1065 1771 transuersam
1100 1707 1154 1771 uel
1189 1709 1318 1792 tignum

198 1823 478 1899 transuersarium,
510 1822 677 1905 pessulum
710 1820 835 1885 foribus
872 1823 927 1905 qui
962 1820 1140 1886 obderetur.
1173 1823 1320 1887 Adeatur

200 1934 363 1999 Homerus
386 1935 446 1999 hac
464 1936 500 1999 in
518 1954 552 1999 re
572 1935 662 2000 testis
682 1934 735 1999 uel
754 1935 1033 2019 locupletissimus.
1054 1933 1106 1998 Sic
1118 1953 1175 2018 per
1187 1940 1322 2020 sepatet

203 2050 363 2135 quomodo
398 2049 550 2133 frequens
581 2051 695 2114 horum
725 2049 958 2114 uocabulorum
988 2049 1153 2114 translatio
1178 2051 1220 2115 sit
1243 2055 1320 2116 orta.

245 2164 343 2249 Apud
372 2164 590 2246 Thucydidem
623 2165 652 2247 7,
682 2164 733 2247 56,
766 2165 783 2226 1
807 2165 924 2249 legitur
947 2161 1049 2227 κλείειν
1071 2160 1172 2241 eripe
1196 2164 1320 2229 aditum

201 2277 423 2344 intercludere.
448 2277 500 2342 Sic
519 2275 595 2341 λύειν
618 2276 674 2349 τὰς
699 2277 816 2359 κλήσεις
839 2282 951 2362 portus
975 2278 1114 2342 claustra
1138 2279 1264 2344 soluere
1291 2280 1321 2364 7,

204 2390 255 2474 70,
291 2393 310 2455 2
343 2390 505 2455 ἀποκλείειν
540 2391 752 2457 intercludere
785 2393 814 2476 8,
848 2392 921 2474 104,
951 2393 973 2454 4
1003 2387 1164 2469 ξννκλείειν
1187 2393 1321 2459 densere
1386 2463 1392 2472 ,

203 2506 330 2571 ordines
370 2507 396 2590 l,
428 2507 479 2590 35,
510 2506 527 2568 1
560 2510 591 2571 et
620 2506 655 2569 id
683 2526 787 2591 genus
819 2506 889 2570 alia.
911 2505 986 2570 Huc
1007 2508 1144 2608 pertinet
1166 2503 1268 2588 εἵργειν
1291 2508 1321 2592 l,

205 2621 256 2704 35,
280 2621 318 2701 33
343 2622 449 2684 arcere
472 2619 525 2683 cfr.
552 2620 581 2704 6,
606 2620 634 2703 1,
656 2621 684 2683 2.

246 2731 319 2797 Hoc
352 2733 422 2797 loco
452 2752 512 2798 suo
542 2733 616 2799 addi
638 2738 741 2818 potest
764 2733 929 2798 translatio
952 2753 971 2798 a
992 2732 1157 2817 uigilando
1182 2737 1322 2819 sumpta,

204 2848 310 2912 uelut:
336 2843 387 2912 aaa}
410 2844 463 2919 τὴν
486 2844 627 2928 φυλακὴν
651 2848 694 2924 μὴ
717 2845 777 2911 eiad
796 2849 852 2910 τῶν
872 2843 964 2925 νόμων
985 2852 1038 2920 τῆς
1050 2844 1209 2920 δεινότητος
1220 2843 1322 2922 ἀξιοῦν

205 2961 346 3025 acreio-lau
370 2963 399 3045 3,
422 2961 474 3045 46,
497 2962 518 3024 4
541 2980 605 3026 non
630 2962 738 3047 legum
761 2962 925 3026 atrocitate
947 2981 1006 3026 nos
1029 2961 1198 3025 custodire.

248 3075 288 3138 In
312 3074 455 3160 qualibet
478 3075 572 3140 domo
596 3076 674 3141 cella
696 3080 745 3141 est
766 3078 896 3160 penaria
920 3095 962 3141 ex
985 3097 1049 3160 qua
1067 3080 1263 3160 promuntur
1282 3077 1323 3141 ad

206 3211 302 3256 usum
330 3190 524 3255 cotidianum
549 3209 632 3274 quae
656 3195 732 3256 sunt
754 3191 942 3255 necessaria.
964 3189 1028 3256 Res
1051 3191 1240 3256 domesticas
1265 3193 1322 3277 qui

206 3305 369 3391 dispensat
401 3306 518 3370 dicitur
551 3302 673 3383 τνμίιις.
704 3304 840 3390 Lepidae
869 3325 906 3369 ac
928 3305 1063 3370 festinae
1086 3308 1164 3369 sunt
1186 3306 1323 3371 transla-

204 3423 307 3487 tiones
341 3439 422 3505 quas
457 3418 495 3484 ab
531 3420 589 3483 hac
622 3437 657 3483 re
691 3420 828 3484 mutuati
858 3423 933 3484 sunt
958 3417 1093 3500 Comici;
1118 3438 1221 3483 unum
1244 3420 1322 3484 alte-

206 3554 321 3601 rumue
362 3533 451 3600 lubet
490 3552 737 3599 commemorare
777 3533 968 3619 exemplum.
1005 3532 1198 3597 Phoenicid:
1235 3536 1265 3617 3,
1300 3537 1323 3598 4

205 3650 366 3715 hominem
389 3666 547 3730 uoraoem,
571 3648 629 3731 qui
652 3647 766 3712 edendi
789 3645 885 3714 finem
908 3646 1011 3711 facere
1034 3666 1099 3710 non
1122 3648 1232 3730 possit,
1245 3648 1323 3713 dicit

205 3762 321 3828 habore
353 3763 461 3826 τνινῦτν
491 3764 624 3839 rapaton
652 3756 744 3840 ὥσπερ
766 3757 864 3832 cislae.
889 3760 931 3824 Et
953 3761 1038 3844 apud
1060 3759 1177 3824 Eubul.
1204 3761 1278 3844 107,
1301 3763 1321 3824 2

205 3876 354 3963 garrulus
389 3875 519 3961 quidam
552 3877 708 3940 uentosus
742 3874 829 3940 haud
863 3876 932 3940 sine
967 3874 1175 3960 ambiguitate
1205 3876 1324 3941 dieitur

207 3987 312 4055 clarior
333 3987 448 4070 νὲνέμνιν
471 3987 594 4069 ταμίαι.

251 4102 344 4170 lianc
373 4105 510 4191 legimus
541 4103 781 4170 transhtionom
804 4103 891 4187 apud
912 4101 1146 4185 Thucydidem:
1170 4104 1200 4187 6,
1226 4104 1276 4188 78,
1302 4107 1322 4168 2

239 4349 264 4417 1)
282 4350 359 4406 Uolut
376 4350 407 4405 11.
426 4349 569 4415 ulduno,
585 4349 650 4405 lituo
666 4349 770 4405 laudato
788 4364 811 4418 p.
829 4347 870 4403 dh.
