3038 4980
721 750 779 815 XI.

238 937 386 1023 Xenoph.
417 937 520 1003 Anab.
551 938 581 1022 2,
609 940 640 1023 4,
671 939 707 1002 l:
741 935 800 1002 Καὶ
830 934 928 1012 δεξιὰς
958 936 1036 1010 ένίοις
1058 938 1139 1019 παροδ
1161 938 1307 1016 βασιλέως

195 1050 294 1135 ἔφερον
317 1050 361 1130 μη
383 1051 609 1130 μνησικακήσειν
631 1050 761 1129 βασιλέα
783 1052 891 1124 αὐτοῖς.

238 1165 302 1230 Pro
326 1163 457 1242 βασιλέα
478 1165 602 1251 legatur
623 1164 721 1231 αύτθν.

708 1377 782 1442 XII

238 1565 384 1650 Xenoph.
415 1566 518 1632 Anab.
549 1569 579 1651 2,
611 1569 641 1651 4,
672 1569 730 1631 20:
756 1564 830 1630 Ἐὰν
853 1566 968 1644 δἠμεῖς
991 1569 1122 1643 νικῶμεν,
1146 1565 1307 1643 λελυμένης

195 1685 250 1753 τῆς
274 1677 407 1761 γεφύρας
429 1681 486 1759 οὐχ
509 1676 617 1754 ἕξουσιν
635 1679 744 1754 ἐκεῖνον,
763 1677 825 1744 θποι
846 1678 989 1758 φύγωσιν·
1008 1679 1071 1744 οὐδὲ
1090 1678 1149 1757 μην
1168 1677 1308 1756 βοηθῆσαι

199 1795 314 1857 πολλῶν
326 1789 411 1856 ὄντων
422 1791 513 1873 πέραν
523 1791 617 1866 ούδείς
628 1788 726 1865 αὐτοῖς
737 1792 889 1866 δυνήσεται
901 1791 1075 1877 (λελυμένης
1086 1798 1140 1866 τῆς
1152 1790 1308 1877 γεφύρας).

242 1905 416 1972 Deleantur
440 1906 537 1972 uerba
559 1909 687 1973 unoinis
709 1908 843 1973 inclusa.

710 2119 801 2184 XIII.

242 2296 387 2382 Xenoph.
408 2297 437 2381 5,
457 2298 488 2381 4,
509 2297 568 2361 32:
589 2293 790 2360 ἐπεδείκνυσαν
809 2296 909 2367 αὐτοῖς
927 2295 1040 2367 παῖδας
1060 2298 1115 2358 τῶν
1137 2291 1312 2371 εὐδαιμθνοιν

200 2408 346 2482 σιτευτούς
390 2407 627 2496 [τεθραμμένους]
667 2408 778 2490 καρύοις
813 2409 912 2490 ἑφθοῖς
946 2407 1079 2481 ἁπαλοὺς
1111 2405 1162 2472 καί
1196 2407 1314 2479 λευκοὺς

199 2520 312 2605 οφθδρα
345 2521 394 2587 καί
426 2524 457 2587 οὐ
489 2527 599 2587 πολλοῦ
632 2521 749 2595 δέοντας
780 2519 857 2595 ἴσους
886 2522 918 2586 τδ
949 2528 1042 2600 μῆκος
1071 2506 1125 2585 καίΙ
1144 2520 1178 2585 τὸ
1199 2518 1313 2592 πλοίτος

198 2632 278 2720 εἶναι,
311 2636 455 2710 ποικίλους
486 2636 516 2701 δέ
547 2636 588 2701 τοὶ
618 2640 695 2701 νῶτα
726 2635 778 2701 καί
801 2634 984 2717 τᾶμπροσθεν
1006 2634 1107 2700 ποίντα
1128 2633 1315 2713 ἐστιγμένους

199 2750 335 2829 οίνθέμια.

244 2865 288 2930 Ut
321 2864 420 2931 uerba
455 2867 489 2930 in
524 2885 599 2930 suas
636 2865 726 2931 nodos
759 2870 964 2950 reponantur,
998 2865 1075 2930 haeo
1108 2863 1315 2948 Xenophonti

200 2979 360 3045 reddenda
394 2985 488 3064 puto:
527 2978 748 3043 ἐπεδείκνυσαν.
850 2977 962 3059 καρύοις
995 2978 1103 3059 ἑφθοῖς,
1139 2978 1170 3040 ού
1203 2980 1313 3041 πολλοῦ

202 3090 321 3164 δέοντας
353 3089 429 3163 ἴσους
442 3141 469 3155 ..
486 3139 514 3158 ..
551 3087 630 3165 εἶναι,
655 3090 788 3164 ἁπαλοὺς
811 3089 862 3155 καί
886 3091 1003 3162 λευκοὺς
1026 3089 1150 3171 σφοδρα,
1172 3088 1315 3159 ποικίλους

200 3203 231 3268 δὲ
254 3204 294 3269 τοὶ
317 3230 345 3269 κ.
356 3229 383 3268 τ.
398 3194 425 3268 λ.

706 3368 795 3433 XIV.

244 3544 392 3629 Xenoph.
416 3544 530 3629 Cyrop.
555 3546 583 3628 l,
607 3547 636 3628 2,
661 3547 719 3609 13:
745 3545 781 3609 θώ
796 3543 857 3608 ακοί
880 3567 913 3607 τε
935 3542 998 3623 περὶ
1021 3549 1078 3615 τοῖς
1101 3541 1229 3623 στέρνοις.

243 3658 417 3725 Deleantur
440 3658 597 3724 uocabula
618 3657 682 3739 περί
705 3666 763 3730 τοῖς
784 3657 914 3739 στέρνοις.

713 3823 789 3936 Χνζ

245 4046 392 4131 Xenoph.
425 4045 539 4130 Oyrop.
566 4048 593 4129 l,
617 4049 647 4129 2,
671 4047 730 4110 15:
755 4042 820 4108 Ἵνα
842 4044 873 4107 δέ
894 4042 1070 4124 σαφέστερον
1093 4041 1203 4120 δηλωθῇ
1227 4041 1312 4102 ποῖοα

167 4205 172 4221 ι.
201 4160 217 4232 ἡ
253 4164 366 4240 Περσῶν
398 4159 530 4224 πολιτεία
562 4160 659 4240 μικρὸν
681 4159 825 4237 ε’ποίνειμι·
851 4159 919 4243 (νῦν
941 4157 998 4239 γὰρ
1020 4158 1049 4220 έν
1072 4154 1254 4237 βραχυτάτῳ
1277 4152 1312 4216 θον

202 4274 336 4348 δηλωθείη
357 4273 405 4338 δια
424 4273 464 4338 τοὶ
482 4272 699 4359 προειρημένα).
