3038 4980
727 491 789 554 115

198 687 236 746 ut
258 682 443 746 facultatum
467 682 554 745 notio
579 682 619 744 sit
642 679 798 743 adiuncta.
822 677 884 742 Hie
907 679 1082 744 notandum
1106 679 1233 744 uidetur
1245 698 1313 745 sae·

198 799 272 880 pius
302 796 387 881 apud
414 794 632 877 Thucydidem
654 795 918 878 praepositionem
945 792 1044 876 ,ἄτθ’
1063 794 1204 859 indicare
1226 795 1312 859 unde

158 956 160 963 ·
200 912 272 994 quis
303 909 522 994 proficiscatur
552 908 591 971 ad
615 908 737 992 aliquid
760 907 984 991 peragendum.
1008 906 1068 971 Ofr.
1093 910 1123 991 2,
1147 908 1198 991 65,
1223 910 1260 988 2,
1285 908 1315 990 2,

201 1026 253 1107 92,
284 1025 320 1104 1,
353 1025 383 1106 1,
415 1025 532 1105 74,·3,
565 1024 595 1104 2,
626 1023 676 1105 25,
708 1023 745 1101 2,
778 1023 807 1104 2,
830 1022 882 1103 41,
906 1023 944 1102 2,
969 1024 998 1105 3,
1022 1023 1072 1105 38,
1095 1025 1131 1104 4,
1158 1022 1187 1105 6,
1211 1023 1262 1105 19,
1286 1024 1314 1085 2.

198 1134 258 1200 Καὶ
288 1136 302 1199 ὃ
331 1135 437 1208 Νικίας
467 1134 552 1211 γνοὺς
582 1130 624 1197 ὅτι
654 1133 714 1198 ἀπὸ
747 1132 801 1211 μὲν
829 1137 884 1197 τῶν
908 1135 1002 1198 αὐτῶν
1023 1133 1117 1213 λόγων
1140 1136 1188 1198 οὐκ
1213 1134 1250 1197 ἂν
1273 1131 1314 1198 ἔτι

198 1248 384 1342 νθπντρέθνενε.Ι
410 1249 518 1314 Nicias
551 1268 624 1313 cum
647 1248 845 1332 intellegeret
867 1249 1080 1315 Athenienses
1104 1249 1181 1315 adeo
1205 1249 1315 1313 ardere

201 1365 374 1450 cupiditate
404 1364 560 1430 educendi
592 1364 767 1428 exercitum
798 1362 953 1428 aduersus
984 1363 1116 1441 Siculos,
1147 1368 1183 1427 ut
1213 1365 1316 1447 ipsius

200 1477 276 1543 belli
305 1478 455 1562 pericula,
485 1477 538 1542 uel
566 1478 755 1542 tristissimis
779 1476 887 1541 uerbis
910 1481 987 1560 acta,
1010 1497 1063 1542 eos
1086 1482 1123 1542 ut
1145 1478 1315 1542 consilium

201 1594 394 1678 deponerent
415 1593 572 1658 adducere
594 1611 660 1656 non
682 1597 821 1676 possent,
844 1593 938 1656 aliam
962 1592 1023 1656 sibi
1043 1594 1130 1656 uiam
1141 1592 1314 1657 ineundam

201 1726 272 1772 esse
306 1704 445 1791 putabat,
479 1710 525 1789 ut,
560 1725 641 1790 quae
675 1706 715 1770 ad
749 1707 808 1769 hoc
841 1705 963 1771 bellum
994 1708 1069 1770 usui
1093 1710 1198 1772 essent
1221 1710 1317 1790 atque

200 1822 381 1886 necessaria
413 1819 522 1885 uerbis
557 1838 759 1916 exasperans,
794 1821 880 1905 quod
915 1821 1076 1886 suadendo
1108 1820 1231 1886 efficere
1253 1840 1318 1884 non

203 1938 317 2020 posset,
339 1938 457 1999 terrore
480 1937 576 2017 atque
597 1933 765 1998 formidine
786 1939 1042 2017 consequeretur.

247 2047 292 2112 Ut
321 2050 406 2112 enim
436 2067 529 2132 saepe
559 2048 628 2112 dux
657 2049 704 2111 rei
733 2048 878 2112 militaris
908 2051 1029 2132 peritus
1052 2048 1127 2114 belli
1150 2050 1320 2113 consilium

204 2166 307 2227 mutat
336 2182 377 2227 ex
407 2162 534 2246 alioque
562 2163 632 2225 loco
663 2182 765 2227 nouos
796 2164 934 2246 impetus
964 2163 1142 2227 instaurare
1168 2167 1257 2248 parat
1281 2163 1321 2226 ad

204 2274 421 2360 repellendum
444 2275 575 2358 hostem,
598 2277 644 2339 sic
662 2274 770 2340 Nicias
789 2294 858 2340 rem
877 2280 1023 2360 agentem
1043 2281 1079 2341 ut
1099 2281 1206 2361 egerat
1222 2277 1321 2341 Athe·

203 2391 332 2454 nienses
363 2410 381 2453 a
407 2389 539 2453 consilio
562 2389 680 2454 reicere
703 2408 737 2453 se
760 2408 853 2473 posse
876 2389 1001 2455 diffidit.
1025 2390 1098 2454 Non
1122 2392 1191 2455 sine
1214 2411 1321 2474 cauea,

205 2503 308 2588 credo,
342 2504 479 2568 subinde
501 2503 603 2567 utitur
625 2502 733 2568 uerbis
755 2501 920 2567 ἐπιτάττειν
939 2524 975 2568 ac
995 2501 1175 2581 μεθιστάναι,
1202 2508 1321 2591 quippe

206 2619 299 2683 cuius
323 2618 431 2683 eadem
455 2636 578 2702 semper
600 2620 700 2682 menti
718 2617 906 2684 obuersetur
928 2621 1043 2704 imago.
1067 2620 1097 2703 3,
1107 2621 1160 2703 45,
1173 2621 1191 2682 7
1205 2621 1321 2685 clarius

208 2735 302 2799 etiam
337 2734 440 2798 elucet
473 2733 594 2817 imago:
629 2729 679 2803 κνιθ
716 2737 828 2804 πολλῆς
862 2731 1000 2806 εὐηθείαις,
1036 2731 1114 2806 ὅστις
1149 2731 1236 2798 clarat
1270 2739 1323 2807 τῆς

207 2846 381 2929 ἀνθρωπείαις
403 2844 519 2927 φύσεως
538 2842 704 2926 &proauitae
724 2843 874 2925 προθύμως
894 2870 921 2909 τι
940 2844 1048 2926 πρῖιξνιι
1070 2846 1236 2927 ἀποτροπήν
1257 2871 1322 2912 τιννι

207 2959 286 3041 ἔχειν
308 2958 325 3034 ἢ
349 2957 442 3037 νόμων
464 2957 546 3038 ἰσχύι
568 2956 584 3031 θ
608 2956 691 3039 ἄλλῳ
713 2959 753 3039 τῷ
776 2958 865 3039 δεινῷ,
890 2980 1023 3045 magnae
1046 2966 1094 3026 est
1113 2962 1275 3046 stultitiae,
1295 2964 1323 3028 si

209 3077 282 3160 quis
316 3075 487 3157 existimat,
519 3074 660 3138 humana
692 3077 806 3137 natura
836 3093 910 3139 oum
940 3095 1055 3160 magno
1079 3077 1178 3140 animi
1200 3070 1322 3160 impetu

210 3191 238 3254 si
267 3189 387 3254 feratur
417 3188 457 3252 ad
483 3186 607 3271 aliquid
628 3185 797 3270 agendum,
820 3206 854 3252 se
876 3186 993 3254 habere
1017 3208 1082 3273 quo
1106 3208 1175 3254 eam
1199 3193 1323 3255 auertat

209 3307 265 3373 aut
286 3302 395 3387 legum
418 3301 453 3365 ui
475 3304 531 3365 aut
554 3300 662 3384 aliquo
686 3299 748 3365 alio
771 3303 899 3366 terrore.

254 3415 328 3481 Huc
350 3412 550 3480 referendum
574 3413 703 3478 uidetur
725 3410 841 3493 ἰσχυρόν
862 3416 882 3477 i.
895 3432 922 3479 e.
941 3417 1226 3500 propugnaculum,
1238 3416 1323 3481 unde

164 3506 169 3513 Ι
210 3534 280 3595 tuto
314 3529 355 3593 ad
386 3527 595 3612 pugnandum
628 3527 788 3592 exercitus
823 3528 916 3592 educi
950 3530 1059 3613 possit.
1091 3529 1152 3594 on.
1177 3533 1209 3614 8,
1232 3531 1261 3614 9,
1284 3532 1322 3611 3,

213 3647 244 3728 3,
278 3643 308 3727 6,
343 3643 382 3723 13
417 3644 447 3724 4,
477 3641 529 3725 27,
560 3641 588 3704 2.
618 3639 671 3704 Ad
700 3641 785 3705 idem
815 3660 919 3727 genus
942 3642 1143 3708 referendum
1167 3643 1324 3724 ἱθρνθῆννιε

210 3759 319 3822 locum
353 3755 481 3820 firmum
516 3752 577 3818 sibi
612 3772 723 3837 capere
745 3753 832 3818 unde
855 3754 928 3838 quis
950 3754 1041 3821 facile
1062 3757 1201 3841 impetus
1222 3756 1327 3840 faciat,

213 3889 342 3955 quoque
364 3888 415 3935 res
440 3869 547 3932 minus
570 3867 650 3932 bene
673 3868 701 3932 si
719 3870 854 3951 gesserit
873 3873 940 3932 tuto
961 3868 1206 3955 referatpedem.
1221 3868 1325 3936 Sensu

213 3986 341 4071 proprio
375 3983 515 4048 occurrit
543 3982 575 4065 4,
604 3982 656 4064 42,
688 3982 707 4043 2
732 3986 763 4046 et
785 3983 816 4065 4,
838 3984 891 4065 44,
915 3984 951 4063 2,
975 3984 1126 4049 translato
1149 4003 1227 4048 uero
1251 4004 1325 4049 cum

214 4102 320 4186 agitur
347 4099 387 4163 de
408 4097 588 4182 pestilentia
612 4097 641 4172 2,
665 4096 717 4178 49,
742 4096 759 4158 7
783 4094 816 4159 τθ
840 4096 869 4158 ἕν
893 4103 928 4176 τῇ
952 4102 1070 4177 κεφαλῇ
1095 4100 1203 4178 πρῶτον
1225 4095 1328 4178 &podia

212 4209 309 4277 κιινθν.
333 4210 393 4276 cfr.
417 4211 446 4293 3,
471 4210 522 4292 ta,
545 4211 575 4274 2.
598 4207 649 4272 Fit
672 4213 709 4272 ut
731 4208 848 4274 mihtes
871 4228 913 4273 ex
936 4211 1004 4275 suis
1026 4210 1194 4294 praesidiis
1218 4211 1324 4276 detur·

179 4350 182 4356 ·
213 4329 339 4394 beatur.
373 4324 482 4409 Imago
515 4323 591 4388 inde
625 4327 756 4406 sumpta
789 4321 1020 4389 obuersabatur
1051 4323 1228 4405 Thucydidi
1248 4325 1326 4390 haee
