3038 4980
848 494 891 557 34

308 689 362 756 τῆς
380 679 490 755 πόλεως
508 678 661 746 ἀνάλωσιν.
683 681 718 746 Si
735 682 807 765 quis
824 683 910 747 enim
921 682 1076 745 rationem
1088 682 1212 747 iniisset
1224 685 1424 768 sumptuum.

309 797 409 883 Saepe
430 816 481 863 res
504 797 594 862 aliter
617 796 701 862 cadit
723 816 759 861 ao
782 798 979 881 putauimus,
1001 815 1062 861 nec
1081 800 1205 862 constat
1224 799 1314 863 ratio.
1328 798 1422 863 Unde

308 912 385 976 haec
405 916 472 976 orta
483 911 663 976 translatio:
675 910 723 975 τὸν
734 908 901 988 παράλογον
912 914 963 974 τοῦ
976 908 1105 989 πολέμου
1117 907 1180 984 ὅσος
1192 910 1270 976 ἐστίν
1283 914 1313 997 1,
1329 913 1380 998 78,
1394 913 1422 978 1.

309 1025 370 1090 err.
394 1028 422 1104 3,
446 1027 496 1110 16,
519 1027 549 1089 2.
572 1025 661 1090 Uarii
683 1029 759 1090 sunt
781 1025 856 1091 belli
878 1029 1023 1090 euentus.

352 1140 551 1205 Parsimonia
574 1144 696 1204 111111
717 1139 842 1204 uitandi
866 1144 1014 1224 sumptus
1037 1159 1301 1224 superuacaneos,
1326 1160 1422 1225 quam

308 1255 365 1338 qui
387 1274 452 1318 non
474 1255 567 1318 callet
589 1257 697 1337 artem,
720 1256 749 1318 is
772 1272 865 1338 saepe
889 1259 937 1319 est
960 1254 1121 1339 prodigus.
1140 1253 1221 1319 Inde
1240 1255 1300 1320 hae
1319 1258 1423 1319 trans·

306 1368 448 1433 lationes.
474 1369 503 1451 5,
527 1369 600 1451 103,
625 1368 642 1430 1
667 1364 796 1439 δοέπανος
819 1365 875 1448 γὰρ
899 1366 987 1448 φύσει
1009 1368 1026 1441 d
1051 1364 1134 1441 ἔλπις
1153 1372 1270 1433 natura
1289 1389 1364 1454 spes
1374 1374 1424 1435 est

308 1483 446 1567 prodiga.
477 1484 509 1566 4,
532 1483 561 1565 3,
585 1483 605 1545 3
627 1480 677 1546 ἐὰν
700 1479 843 1558 βούληται
867 1479 1114 1560 καταλαμβάνων
1138 1480 1191 1555 τὴν
1213 1480 1296 1546 πόλιν
1321 1482 1421 1548 δαπα-

307 1588 366 1658 νάἳν.
391 1595 426 1660 Si
447 1597 480 1659 in
504 1597 544 1660 iis
570 1597 764 1680 occupandis
788 1597 950 1662 ciuitatem
975 1597 1143 1662 exhaurire
1166 1597 1255 1664 uelit.
1280 1597 1423 1664 Grauius

307 1728 384 1774 uero
407 1711 459 1774 uir
478 1711 589 1774 doctus
614 1711 708 1774 aliam
727 1710 955 1796 interpretandi
977 1712 1063 1775 uiam
1081 1716 1128 1776 111
1139 1712 1315 1797 ingressus
1328 1714 1422 1778 cuius

308 1823 385 1888 haec
416 1828 465 1888 est
493 1825 616 1908 opinio:
644 1843 708 1908 eos,
732 1826 789 1908 qui
810 1828 923 1909 putent
946 1821 1029 1888 πόλιν
1053 1843 1123 1890 1111
1146 1824 1306 1891 obiectum
1330 1826 1422 1892 uerbi

309 1935 453 2021 δαπανᾶν,
483 1938 618 2002 adduxit
646 1944 684 2003 ut
712 1940 756 2002 ita
785 1943 934 2023 putarent
964 1939 1128 2022 Antiphon
1158 1939 1197 2004 de
1219 1938 1323 2005 Caede
1344 1939 1422 2006 Her.
1497 1915 1502 1929 ⁸

311 2051 391 2115 719:
422 2047 512 2131 ἄνδρα
539 2048 569 2114 ὅν
597 2049 794 2124 ἔδαααίννρσαν,
825 2053 975 2137 idemque
1005 2052 1091 2116 addit
1113 2072 1180 2117 non
1202 2057 1321 2118 temore
1344 2073 1424 2119 non·

309 2164 416 2230 nullos
442 2165 545 2250 legere
567 2163 759 2242 ἐβασάνισαν.
784 2164 868 2242 Quid
890 2166 1012 2251 igitur?
1031 2165 1147 2232 Nonne
1159 2185 1240 2250 quae
1252 2167 1422 2252 Appianus

309 2279 348 2344 de
380 2278 458 2344 Bell.
493 2278 559 2342 Civ.
596 2280 624 2364 1,
655 2281 696 2343 94
727 2280 854 2364 scripsit
876 2280 972 2364 digna
994 2284 1071 2344 eunt
1094 2299 1176 2364 quae
1197 2280 1421 2347 conferantur:

307 2390 415 2470 ἄνεμός
444 2416 477 2456 τε
507 2392 598 2466 πολὺς
628 2393 762 2471 ἐμπεσὼν
792 2393 822 2465 ἐς
852 2396 985 2457 τοσοῦτον
1007 2392 1100 2466 αὐτὴν
1126 2393 1198 2480 (τὴν
1221 2394 1325 2481 πόλιν)
1351 2395 1421 2460 ἐδα-

308 2505 446 2581 πάνησεν,
468 2507 506 2579 ὡς
528 2531 555 2571 κ.
569 2530 596 2570 τ.
610 2531 644 2591 a,
667 2527 725 2572 noc
742 2526 824 2592 quae
842 2507 993 2592 leguntur
1011 2507 1098 2574 Prut.
1119 2507 1219 2573 Galba
1238 2509 1288 2573 lt.
1307 2517 1423 2587 Τιγελ-

307 2625 384 2685 λῖνον
415 2619 470 2684 ὑπὸ
498 2618 634 2702 dialetico
665 2621 744 2686 νόσου
773 2620 1004 2699 δαπανώμενονῗ
1031 2623 1085 2686 An
1107 2623 1229 2688 nullius
1252 2628 1330 2689 sunt
1352 2645 1422 2690 mo-

307 2735 430 2799 menti?
462 2734 600 2800 Grauius
623 2737 691 2820 ipse
712 2755 805 2820 porro
828 2737 914 2820 quod
937 2736 1030 2800 modo
1054 2738 1215 2802 exstruxit
1236 2757 1296 2802 sua
1319 2758 1422 2804 manu

307 2847 443 2913 destruit
473 2853 504 2913 et
534 2850 589 2932 sic,
620 2854 657 2923 ut
687 2851 777 2913 aiunt
808 2870 866 2914 sua
889 2850 991 2914 caedit
1013 2853 1130 2916 uineta.
1151 2849 1215 2916 Res
1238 2856 1287 2916 111
1308 2851 1423 2940 facilis,

306 2965 421 3048 inquit,
444 2964 543 3030 uerba
563 2967 608 3030 111
625 2967 824 3050 interpretari
845 2971 881 3030 ut
899 2963 981 3029 uina
993 2967 1035 3031 sit
1047 2965 1226 3032 subiectum
1239 2971 1270 3031 et
1282 2967 1423 3033 uerbum

309 3077 445 3143 δαπανᾶν
475 3082 622 3145 natiuum
651 3101 748 3146 suum
772 3081 911 3146 obtineat
933 3100 1083 3163 sensum3
1107 3085 1148 3164 at,
1170 3084 1215 3145 ita
1235 3083 1349 3166 pergit,
1373 3084 1423 3147 sic

307 3197 414 3259 minus
437 3199 509 3280 apta
532 3195 703 3261 uerborum
717 3198 944 3280 compositione
955 3197 1158 3281 participium
1169 3191 1421 3272 καταλαμβάνων

306 3309 405 3375 uerbo
429 3308 573 3387 βούληται
596 3314 656 3377 erit
674 3312 873 3397 iungendum
894 3350 935 3358 -
955 3310 1138 3395 byaslight
1148 3311 1363 3394 irregularity.
1377 3349 1422 3359 -

306 3423 459 3490 Eiusdem
489 3426 615 3509 generis
646 3445 715 3491 esse
737 3426 864 3490 uidetur
890 3424 1025 3490 uerbum
1049 3427 1174 3504 τρυχοῦν
1200 3425 1228 3507 7,
1248 3425 1302 3507 28,
1327 3426 1367 3506 3;
1391 3427 1423 3510 4,

308 3538 360 3620 60,
384 3540 420 3621 2;
448 3540 475 3616 7,
498 3539 550 3622 48,
574 3541 593 3602 2
619 3544 649 3604 et
668 3539 826 3620 ἕκτρυχοῦν
850 3542 880 3624 3,
905 3541 956 3624 93,
980 3541 999 3602 2
1024 3540 1202 3604 exhaurire.

238 3738 240 3743 Ι
352 3652 431 3717 Rem
462 3653 648 3718 familiarem
681 3656 738 3738 qui
767 3653 849 3719 bene
872 3656 1027 3738 11111111
1052 3654 1135 3718 diem
1160 3673 1226 3717 non
1247 3653 1341 3736 uiuit,
1364 3655 1424 3719 sed

305 3766 405 3831 futuri
440 3786 504 3831 non
538 3769 704 3833 immemor
739 3769 895 3853 quidquid
930 3768 1071 3833 abundat
1103 3771 1138 3832 in
1172 3767 1261 3832 aliud
1291 3772 1423 3863 tempus

307 3883 439 3966 seponit,
469 3883 507 3945 ut
536 3885 568 3946 et
589 3886 697 3966 postea
721 3881 834 3946 habeat
856 3883 942 3947 unde
964 3884 1055 3947 uivat
1076 3886 1217 3966 tempora
1240 3901 1314 3946 cum
1337 3881 1423 3949 forte

305 3994 415 4060 nubila
438 3997 503 4061 sint
525 3995 615 4061 facta.
638 3996 723 4061 Hinc
745 4001 813 4062 orta
833 4002 881 4063 est
900 4000 1006 4083 imago
1030 3998 1057 4081 1,
1078 3997 1167 4081 33,1
1189 3995 1257 4074 μετ’
1277 3994 1422 4074 ἀειμνήσ-

205 4184 209 4194 ,
305 4130 355 4171 του
385 4106 539 4190 μαρτυρίου
569 4108 621 4183 τὴν
644 4108 730 4191 χάριν
757 4111 936 4175 καταθεΐσθε.
961 4111 995 4176 Si
1017 4113 1051 4174 in
1075 4113 1287 4176 maximarum
1311 4130 1422 4176 rorum

306 4222 476 4288 discrimen
509 4223 662 4289 adductos
693 4227 859 4311 recipiatis,
889 4225 1080 4291 beneficium
1103 4246 1198 4309 quam
1221 4225 1292 4289 fieri
1314 4230 1422 4310 potest

306 4338 446 4402 maxime
478 4355 553 4401 eum
588 4342 715 4405 aeterno
749 4341 930 4406 testimonio
961 4340 1130 4405 collocetis.
1160 4339 1261 4404 Suum
1291 4340 1420 4425 pondus
