3038 4980
859 464 922 527 122

335 649 536 732 Thucydides
565 650 626 715 hoc
657 669 737 717 usus
763 654 811 716 est
842 649 940 716 uerbo
964 651 994 733 2,
1018 649 1069 734 75,
1092 649 1129 732 6,
1153 651 1183 734 2,
1207 649 1258 734 76,
1282 650 1320 732 1,
1344 652 1377 734 4,
1398 653 1449 736 48,

333 765 373 844 2,
398 766 428 846 4,
452 763 525 847 110,
548 765 586 844 2,
610 765 639 847 5,
663 765 693 847 2,
714 765 753 845 4,
778 765 807 847 5,
830 764 860 847 3,
882 765 911 827 2.

378 875 466 953 Quae
497 877 623 941 ruinam
653 876 796 942 fecerunt
825 877 981 960 humique
1005 879 1102 942 strata
1123 877 1228 941 iacent
1248 877 1368 942 iterum
1391 879 1448 942 eri·

333 993 455 1075 guntur
486 1007 580 1073 saepe
609 991 735 1054 moenia
765 988 964 1054 Transfertur
985 989 1046 1053 hoc
1067 989 1102 1052 in
1125 988 1318 1074 reipublicae
1340 994 1448 1075 poten-

333 1105 411 1168 tiam
444 1102 473 1185 7,
504 1102 555 1185 77,
587 1103 615 1185 7,
638 1096 697 1165 Ka}
721 1101 744 1165 οἱ
768 1101 916 1175 Ἀώηνοιῒοι
937 1100 990 1174 την
1012 1098 1151 1179 μεγώλην
1174 1099 1298 1180 δώνοιμιν
1322 1109 1377 1176 τῆς
1398 1101 1447 1167 τώ

332 1230 405 1287 λεώς
429 1214 531 1296 καίτερ
553 1221 740 1279 πεπτωκυῖαν
762 1211 1009 1296 ἔτκνορώώτοντες.
1031 1215 1120 1293 Quae
1132 1215 1232 1281 uerba
1243 1217 1327 1282 utin
1339 1217 1449 1282 eodem

334 1330 432 1396 simili
453 1349 563 1395 uerser
585 1331 631 1394 sic
653 1335 761 1395 uerto:
787 1336 818 1395 et
835 1331 1048 1396 Athenienses
1068 1350 1213 1415 magnam
1235 1332 1376 1396 ciuitatis
1395 1351 1448 1416 po

334 1445 465 1510 tentiam
490 1445 548 1509 etsi
572 1444 742 1527 collapsam
767 1445 897 1528 erigent.

379 1558 466 1624 Urbs
488 1556 617 1622 obsessa
639 1576 872 1641 nonnunquam
894 1576 959 1621 non
978 1558 1015 1647 ui
1034 1561 1067 1624 et
1084 1559 1182 1623 armis
1202 1557 1259 1623 sed
1269 1557 1449 1643 proditione

336 1676 549 1756 expugnatur.
577 1669 665 1735 Haec
694 1669 770 1735 inde
800 1670 963 1735 translatio
994 1670 1024 1754 6,
1055 1670 1106 1755 69,
1131 1672 1149 1734 1
1174 1669 1215 1750 τῷ
1237 1669 1264 1733 δ’
1289 1648 1448 1735 εἰιλείτοντι

336 1783 431 1856 οιώτῆς
464 1779 515 1846 aa}
538 1781 590 1855 την
612 1781 751 1860 βούλησιν
774 1780 892 1855 ἄκοντες
915 1781 1113 1867 τρονδίδοσκν,
1138 1802 1211 1848 cum
1232 1785 1280 1848 rei
1304 1784 1449 1849 militaris

335 1899 468 1965 scientia
490 1917 544 1963 ecs
568 1897 713 1963 deficeret
736 1917 827 1962 suam
851 1898 944 1962 etiam
967 1897 1160 1962 alacritatem
1180 1897 1366 1981 prodebant.
1379 1897 1448 1963 Bel-

334 2013 404 2077 lum
438 2014 495 2096 qui
517 2017 633 2096 gerunt
655 2016 691 2075 ut
715 2012 847 2075 uincent
868 2012 1002 2076 summis
1026 2011 1223 2078 contendunt
1245 2011 1384 2096 uiribus,
1405 2011 1448 2076 nil

335 2128 437 2211 magis
460 2128 607 2191 timentes
630 2145 726 2209 quam
750 2145 791 2191 ne
815 2124 935 2190 cladem
959 2125 1124 2210 accipiant.
1147 2123 1249 2210 Saepe
1266 2125 1343 2190 inde
1355 2127 1450 2211 petita

337 2240 520 2325 metaphora
550 2244 687 2304 utuntur
715 2240 885 2323 scriptores
915 2241 1137 2324 cuiuscunque
1168 2240 1305 2324 generis.
1337 2237 1393 2305 Sic
1422 2242 1449 2322 2,

342 2355 393 2437 12,
416 2355 435 2416 2
460 2346 492 2425 ἦν
516 2349 574 2431 γὰρ
593 2349 760 2433 Περικλέους
779 2352 882 2430 γνώμη
904 2351 1032 2434 πρότερον
1056 2358 1189 2436 νενικνΐκ,
1211 2352 1346 2419 Periclis
1369 2356 1450 2419 enim

338 2469 492 2534 sententia
515 2469 578 2531 iam
603 2471 675 2531 ante
699 2466 886 2531 obtinuerat.
910 2468 940 2549 2,
963 2468 1015 2550 87,
1039 2468 1077 2548 3,
1100 2469 1130 2551 3,
1153 2467 1204 2550 36,
1228 2466 1256 2531 6.
1281 2465 1343 2531 Ofr.
1362 2467 1450 2533 Plato

339 2582 431 2666 Gorg.
463 2581 527 2644 456
558 2582 589 2645 A
611 2580 635 2644 oi
657 2582 787 2652 νικῶντες
810 2581 865 2653 τώς
888 2581 1020 2658 γνώμοις.
1048 2582 1076 2664 2,
1101 2583 1152 2664 54,
1175 2583 1195 2645 3
1218 2579 1330 2654 ἔνι’κητε
1353 2581 1380 2646 δ’
1403 2580 1450 2645 ἐπὶ

338 2700 389 2760 τοῦ
425 2692 563 2775 παρόντος
597 2693 709 2766 εἰκότως
739 2695 839 2772 λοιμὸν
868 2695 999 2776 sipirtus,
1022 2714 1078 2779 pro
1101 2715 1136 2760 re
1158 2700 1232 2760 nata
1253 2696 1354 2781 igitur
1376 2698 1451 2762 haec

337 2811 415 2874 uicit
450 2811 606 2874 sententia
639 2809 725 2873 luem
760 2809 859 2874 fuisse
894 2807 1111 2893 significatam.
1143 2808 1196 2875 Sic
1226 2808 1373 2887 νικώμενοι
1400 2809 1452 2874 ὑπὸ

337 2927 389 2986 τοῦ
423 2925 513 2986 κοοκοῦ
548 2925 576 3005 2,
610 2923 663 2998 47,
697 2925 735 3003 4,
770 2921 824 2985 ὑπὸ
857 2925 909 2985 τοῦ
930 2927 1040 2987 πολλοῦ
1063 2926 1153 2987 κοικοῦ
1176 2923 1323 3000 νικώμενοι
1349 2926 1380 3007 2,
1403 2926 1451 3008 51,

340 3038 377 3116 5,
409 3032 559 3112 νικώμενος
592 3032 744 3115 χρημοισιν
767 3036 797 3117 2,
820 3035 871 3118 60,
896 3035 933 3115 6,
957 3032 1112 3108 νικηθέντες
1137 3035 1191 3099 ὑπὸ
1215 3038 1271 3099 τών
1293 3040 1450 3114 μεγίστων,

339 3154 427 3225 τιμῆς
461 3146 513 3211 aa}
546 3146 624 3220 δέους
658 3145 709 3210 κοιὶ
744 3147 888 3227 ώφελείκς
923 3149 952 3230 l,
976 3148 1026 3231 76,
1047 3150 1075 3211 2.
1096 3148 1243 3222 Ἐκνικοῖν,
1268 3152 1451 3235 praeualere

338 3263 456 3346 legitur
491 3263 519 3343 1,
553 3264 583 3344 3,
617 3262 636 3323 2
665 3280 730 3325 non
761 3263 866 3344 potuit
886 3280 1002 3326 nomen
1026 3261 1066 3325 ad
1089 3281 1199 3327 omnes
1222 3267 1393 3346 pervenire
1416 3286 1449 3330 ac

339 3377 483 3440 obtinere
517 3372 627 3438 ώτοιοιν
661 3375 816 3446 ἐκνικῆσαι.
851 3374 911 3438 cfr.
943 3376 971 3458 1,
995 3377 1046 3457 21,
1072 3377 1088 3438 1
1116 3376 1170 3439 cao
1192 3374 1296 3457 χρόνον
1320 3378 1451 3450 οἰκτίστοις

338 3487 387 3552 ἕτὶ
418 3487 450 3551 τὸ
485 3487 612 3563 μυθῶδες
646 3484 851 3560 ε’κνενικηκώτοι.
888 3487 1041 3553 Eiusdem
1072 3490 1198 3574 generis
1233 3496 1282 3555 est
1316 3499 1450 3570 κροιτεῖν,

341 3599 452 3678 νόμιμοι
487 3600 517 3664 δὲ
549 3600 590 3663 τοὶ
624 3599 787 3664 Χοιλκιδικοὶ
821 3599 986 3683 ε’κρώτητεν,
1015 3603 1101 3686 leges
1125 3601 1350 3670 Chalcidenses
1374 3605 1450 3670 obti-

339 3719 479 3779 nuerunt
510 3714 538 3796 6,
571 3715 599 3795 5,
630 3715 658 3776 1.
690 3712 750 3776 cfr.
782 3713 810 3796 6,
843 3716 893 3796 ll,
918 3715 946 3777 6.
971 3717 999 3797 3,
1023 3716 1075 3797 49,
1101 3718 1137 3794 1,
1161 3713 1289 3795 ώκρώτου
1314 3717 1451 3799 tralatas

339 3829 368 3910 2,
403 3829 455 3910 49,
489 3828 508 3890 6
544 3847 607 3911 quo
639 3830 774 3891 termino
809 3829 962 3910 technico,
997 3834 1033 3893 ut
1069 3829 1193 3911 dicitur,
1224 3849 1319 3915 saepe
1353 3835 1451 3897 utitur

340 3942 487 4007 Galenus.
528 3941 647 4007 Eodem
682 3941 882 4006 referendum
918 3945 946 4026 2,
981 3942 1032 4026 60,
1068 3947 1086 4006 5
1121 3942 1255 4023 κρείσσων
1288 3944 1450 4026 χρημάτων

339 4055 474 4141 pecunia
504 4057 654 4132 inuictus
686 4060 717 4119 et
747 4053 889 4125 ηττώοθοιι
919 4053 972 4126 τὴν
1002 4055 1122 4133 γνώμην
1152 4056 1180 4138 6,
1206 4058 1257 4141 72,
1281 4059 1318 4138 3,
1343 4058 1396 4123 cfr.
1421 4061 1449 4142 3,

342 4171 392 4252 57,
428 4172 447 4232 3
478 4170 535 4233 uhi
566 4171 600 4232 ui
622 4169 740 4233 forensi
763 4175 811 4234 cst
834 4169 953 4234 dictum
982 4174 1013 4234 et
1037 4172 1066 4253 8,
1090 4170 1141 4253 66,
1165 4173 1184 4234 3
1208 4171 1345 4256 ἡττῶντο,
1368 4173 1449 4256 quod

350 4284 517 4349 scholiasta
541 4286 765 4368 interpretatur
786 4284 1004 4347 ἐτετοιτεινώντο
1025 4285 1077 4348 cfr.
1097 4287 1127 4368 4,
1145 4286 1196 4368 37,
1210 4288 1237 4349 l.
1251 4285 1314 4363 Qui
1325 4289 1358 4351 in
1369 4286 1447 4352 bello
