3038 4980
646 480 688 542 89

117 670 222 732 dicere
252 671 328 732 sunt
358 669 477 751 parati3
508 671 578 731 tum
608 668 676 752 ipse
708 686 836 732 causam
865 688 935 732 sum
962 668 1115 751 dicturus,
1138 671 1234 753 atque

118 783 157 847 de
190 781 324 846 testibus
360 780 521 846 detrahere
552 781 706 862 conabor;
739 781 835 846 medii
868 781 1005 865 denique
1036 782 1076 847 sit
1106 782 1234 847 lectoris

117 870 226 960 utrum
256 895 424 960 ceciderim
448 914 490 958 an
513 895 644 989 uicerim
670 914 767 959 causa
789 895 906 959 iustam
930 894 1012 960 ferre
1035 897 1234 960 seutentiam.
1280 898 1286 908 '

160 1009 247 1093 Papa
277 1009 395 1092 aliique
425 1008 621 1073 contendunt
650 1009 820 1093 imaginem
855 1007 893 1073 ab
923 1014 989 1073 arte
1012 1008 1143 1073 ferraria
1165 1028 1235 1075 esse

117 1127 294 1206 sumptam3
327 1117 495 1202 προκόπτειν
523 1121 604 1185 hane
634 1119 763 1186 haberet
786 1122 993 1186 sententiam:
1019 1122 1136 1186 ictibus
1161 1142 1235 1186 con-

117 1237 217 1300 tinuis
250 1235 370 1319 aliquid
402 1236 573 1300 extendere
604 1239 640 1299 ut
655 1235 772 1320 opifex
793 1235 952 1300 ferrareus
975 1235 1088 1301 malleo
1111 1235 1232 1301 ferrum

117 1351 274 1436 procudit.
300 1351 342 1415 At
361 1350 440 1413 nihil
460 1350 546 1414 unde
565 1353 712 1434 appareat
731 1349 897 1434 profertur.
911 1349 1233 1435 orassemus,P0pp0‚

119 1465 241 1528 Graues
272 1463 525 1548 (interpretatum
557 1467 589 1527 to
612 1464 752 1547 pioneer)
776 1462 903 1529 Holden
929 1464 1047 1548 aliique
1069 1482 1127 1548 pro
1151 1468 1235 1528 certo

116 1578 276 1643 affirmant
311 1574 478 1657 προκόπτειν
513 1595 610 1641 sensu
645 1596 704 1641 suo
738 1577 823 1642 idom
858 1578 966 1642 ualere
1000 1582 1095 1662 atque
1119 1578 1234 1642 siluam

117 1692 277 1758 caedendo
297 1693 383 1755 uiam
405 1692 534 1775 aporire.
554 1690 740 1774 Sequuntur
760 1692 929 1775 antiquum
940 1692 1234 1776 interpretemhaec

117 1808 174 1891 qui
198 1808 345 1870 annotat:
369 1802 583 1883 προκοπτόντων
598 1801 902 1884 επροοδοποιοόντων
926 1802 979 1868 aui
1002 1801 1230 1884 εὐτρεπιζόντιιν.

117 1921 161 1984 At
185 1919 306 1983 collatis
331 1937 413 2002 quae
435 1917 587 2002 leguntur
609 1917 726 1982 Herod.
755 1918 782 2001 1,
808 1919 870 1982 190
892 1918 927 1981 in
948 1918 1029 1983 fine:
1054 1916 1181 1999 όνοιτέριο
1202 1917 1234 1982 δὲ

118 2031 198 2098 οὐδὲν
222 2034 277 2096 πῶν
300 2028 482 2111 πρκγμόπων
506 2029 740 2112 προκοπτομένων
761 2031 824 2112 (cfr.
844 2031 960 2097 Herod.
982 2033 1011 2116 3,
1032 2032 1082 2096 56.
1095 2032 1232 2097 Alcaeus

117 2146 155 2210 fr.
186 2147 239 2228 35)
269 2147 375 2210 statim
407 2148 534 2229 apparet
565 2164 629 2208 uon
660 2145 694 2208 id
724 2146 774 2230 agi
799 2149 835 2209 ut
858 2148 912 2209 uia
935 2146 1094 2229 aporiatur
1117 2146 1173 2210 sed
1197 2150 1233 2210 ut

119 2261 197 2345 quid
220 2261 254 2322 in
277 2261 330 2323 uia
353 2259 481 2343 longius
504 2258 730 2343 progrediatur.
755 2258 854 2323 Porro
878 2260 981 2344 ipsius
1005 2258 1121 2324 Suidac
1145 2259 1233 2324 adhi-

117 2376 194 2440 bent
216 2374 450 2439 auctoritatem:
472 2373 527 2437 1116
550 2374 634 2437 enim
658 2372 749 2438 uerbi
771 2392 849 2438 uera
871 2394 908 2437 ac
930 2375 1056 2458 propria
1076 2374 1234 2458 significa·

117 2489 205 2552 tione
228 2487 344 2550 dicitur
367 2505 446 2551 usus
470 2486 546 2550 haec
570 2485 730 2551 scribens:
754 2484 889 2566 όχήμιιτι
912 2484 1091 2567 κεχρημένον
1114 2484 1165 2551 κκὶ
1186 2485 1235 2551 aa

117 2608 171 2675 τῆς
194 2603 336 2681 λεωφόρου
361 2598 560 2680 προκόπτονπιι
583 2597 758 2677 κκτὲλκβεν.
784 2601 828 2664 At
846 2598 888 2664 Di
911 2601 1050 2685 meliora,
1073 2621 1147 2665 cum
1160 2602 1233 2685 quis

117 2713 167 2779 aaa
188 2720 241 2787 τῆς
264 2709 407 2794 λεωφόρον
430 2715 567 2798 uehitur,
589 2734 654 2777 non
679 2715 772 2779 uideo
797 2734 854 2779 cur
875 2716 939 2778 iam
963 2735 1043 2799 opus
1064 2717 1105 2780 sit
1124 2717 1179 2780 uia
1197 2720 1233 2781 ut

118 2831 289 2894 muniatur.
319 2828 393 2913 Ipse
424 2828 539 2894 Suidas
571 2849 665 2893 suum
696 2827 1233 2913 προκόπτονπκ16161666161611ιερ-

117 2941 253 3024 χόμενον.
283 2941 342 3007 Est
371 2945 480 3026 itaque
511 2944 575 3023 616,
605 2961 670 3005 nou
693 2941 737 3007 fit.
760 2942 929 3008 Faciamus
953 2943 1044 3008 uerbi
1066 2940 1233 3024 προκόπτειν

119 3058 201 3122 hanc
231 3076 301 3122 csse
332 3058 400 3119 uim
432 3060 469 3119 ut
499 3056 583 3120 idem
614 3055 718 3120 ualeat
749 3075 785 3118 ac
812 3058 897 3120 uiam
923 3057 1043 3140 aperire
1066 3057 1233 3123 caedendis

118 3170 293 3253 arboribus,
317 3171 374 3253 qui
396 3169 433 3233 fit
455 3174 492 3233 ut
514 3169 573 3232 hoc
595 3167 695 3233 uerbo
719 3188 782 3232 non
807 3173 916 3233 utatur
937 3169 1138 3252 Thucydides
1159 3191 1232 3236 cum

118 3306 230 3351 reuera
253 3285 293 3350 de
316 3287 370 3349 uia
393 3284 566 3349 munienda
590 3285 727 3369 agatur?
753 3285 781 3365 1,
806 3286 878 3367 100,
903 3286 931 3366 2,
954 3285 1072 3368 legitur
1094 3283 1233 3358 κκὶόδοὺς

118 3399 227 3471 εὐόεόοις
254 3396 342 3477 ἔτεμε
365 3403 396 3463 61
418 3399 545 3483 planius
569 3399 663 3462 etiam
689 3400 718 3481 2,
743 3400 794 3481 98,
820 3399 835 3460 1
861 3395 1006 3479 ἐπορεύετο
1029 3396 1060 3462 δὲ
1082 3398 1119 3463 δι’
1142 3400 1232 3464 οιύτοῦ

118 3521 155 3596 τῇ
187 3513 240 3594 ὁδῷ
272 3510 305 3586 ἣν
335 3511 464 3594 πρότερον
497 3512 585 3584 adada
609 3509 763 3584 ἕποιήτνιπο
787 3511 882 3590 τεμὼν
905 3510 957 3584 τὴν
980 3507 1060 3585 ὕλκν.
1085 3512 1148 3576 Hic
1172 3513 1233 3577 sal-

118 3634 183 3694 tom
214 3648 309 3693 suum
340 3627 447 3692 locum
478 3627 607 3692 haberet
636 3625 812 3708 προκόπτειν.
835 3626 989 3691 Eiusdem
1013 3627 1141 3691 uidetur
1164 3647 1234 3693 esse

117 3743 243 3827 generis
275 3739 409 3806 uerbum
440 3739 606 3821 προκόπτειν
639 3777 678 3786 -
712 3758 829 3804 nauem
859 3741 955 3804 remis
985 3741 1158 3824 propellere
1190 3779 1231 3788 —-

120 3875 156 3919 ac
179 3853 369 3936 apostatricem,
392 3851 536 3933 apocalysis,
560 3851 724 3934 προτρέπειν
747 3853 941 3937 protrudere,
953 3872 1150 3937 promouere,
1161 3874 1232 3938 pro·

118 3968 244 4054 pellere.
279 3968 388 4033 Unum
413 3967 516 4032 adhuc
539 3967 678 4052 proferre
700 3968 794 4032 liceat
815 3971 1049 4052 argumentum.
1069 3967 1233 4033 Relatioue

120 4083 352 4147 contrariorum
385 4101 477 4165 saepe
507 4082 585 4166 quid
617 4082 722 4146 ualeat
752 4081 889 4146 uerbum
920 4081 1045 4165 dequo
1069 4084 1234 4165 quaeritur

118 4195 299 4259 luculenter
334 4194 520 4260 ostenditur.
557 4199 616 4258 Δεῖ
646 4193 677 4258 δὲ
712 4233 753 4242 -
789 4193 968 4278 Xenophon
1000 4196 1127 4280 scripsit
1148 4195 1232 4261 Η611.

118 4311 148 4392 2,
179 4310 207 4392 3,
239 4309 278 4371 31
309 4304 400 4387 όινόροι
429 4306 477 4370 τόν
507 4303 585 4381 ἄξιον
614 4306 667 4387 ζῆν
689 4308 720 4371 οὐ
744 4306 877 4387 προάγειν
901 4303 955 4385 μὲν
977 4306 1064 4372 δεινόν
1086 4301 1155 4372 εἷνκι
1178 4309 1217 4382 εἷς
