3038 4980
643 513 684 577 75

107 701 224 782 apoodev
255 703 304 765 τοῦ
334 697 581 781 apocalama
605 698 723 778 τείχους
745 697 978 781 προβεβλημένοι
1000 698 1069 764 λίθοι
1092 698 1142 765 διὰ
1162 698 1215 773 τὴν

106 818 163 878 τῶν
184 812 322 892 κυμοὶτοον
345 813 414 892 βίον
437 813 480 893 μὴ
504 813 537 879 τὸ
559 819 661 893 τεῖχος
683 813 855 892 βλάπτοιτο.

150 926 250 1008 Κὲμις.
273 928 404 1013 Proprie
422 933 470 994 est
493 949 592 993 cornu
616 929 762 993 animalis
782 930 964 1010 cuiusdam3
981 928 1170 993 transfertur
1181 929 1214 990 in

103 1047 207 1127 partes
238 1045 373 1128 agminis
405 1047 572 1124 extremas,
603 1061 683 1126 quas
709 1041 813 1107 Latini
836 1061 956 1106 cornua
978 1040 1135 1106 siue‘alas
1159 1060 1216 1104 uo-

105 1161 186 1221 cant.
216 1155 349 1241 Saepius
380 1161 411 1221 et
437 1156 522 1240 apud
543 1155 759 1236 Thucydidem
783 1156 928 1219 occurrit.
950 1154 1038 1218 Idem
1063 1153 1148 1218 nalet
1170 1159 1215 1218 at-

106 1289 169 1353 que
199 1271 315 1335 ostium
345 1271 373 1353 1,
398 1269 470 1352 110,
494 1270 524 1351 4,
546 1273 593 1333 est
615 1268 682 1332 Nili
705 1270 822 1333 ostium
846 1269 931 1352 quod
953 1266 1113 1342 Μενδήσιον
1139 1268 1214 1331 dici-

103 1389 167 1450 tur.
189 1383 248 1448 Est
270 1385 425 1448 terminus
448 1384 613 1458 technicus
637 1383 693 1466 qui
715 1382 832 1467 legitur
855 1382 885 1468 6,
910 1384 961 1464 32,
985 1383 1013 1464 2,
1036 1382 1090 1445 cfr.
1115 1382 1145 1464 2,
1165 1383 1217 1465 90,

104 1499 125 1559 4
148 1494 198 1560 ἕτὶ
221 1493 305 1576 κέρως
329 1498 350 1563 i.
364 1516 388 1561 e.
412 1494 493 1560 κοιτᾶο
515 1493 587 1573 plau
610 1499 689 1568 νοοῦν,
714 1496 809 1581 longa
832 1497 966 1560 nauium
991 1497 1080 1560 serie.

147 1608 298 1687 Νέμεοθοιι
329 1611 454 1693 proprie
484 1613 549 1673 est:
578 1609 675 1694 pasci.
704 1608 906 1673 Transfertur
928 1611 974 1673 sio
997 1613 1034 1673 ut
1057 1609 1140 1674 idem
1166 1628 1219 1672 ua-

104 1725 168 1789 leat
199 1743 236 1788 ac
270 1724 436 1809 ,quaestui
465 1722 580 1787 habere
612 1723 741 1807 aliquid,
763 1722 887 1787 fructus
911 1742 1022 1807 capere
1045 1742 1086 1787 ex
1110 1723 1218 1806 aliqua

105 1857 148 1902 re.
181 1837 241 1901 cn.
274 1838 302 1914 1,
326 1838 398 1921 100,
426 1839 445 1900 2
469 1837 526 1901 ubi
548 1839 654 1922 agitur
677 1838 716 1902 de
740 1839 885 1904 metallis.
910 1838 970 1902 cfr.
996 1840 1025 1915 3,
1048 1839 1099 1921 68,
1123 1840 1142 1902 3
1165 1836 1218 1903 aa}

104 1949 238 2028 ἐνέμοντο
263 1949 401 2028 Θνβοιῑοι,
426 1972 521 2016 usum
545 1951 712 2035 habebant,
735 1956 766 2016 et
789 1954 924 2036 saepius.
948 1951 1000 2017 Sic
1022 1955 1116 2018 etiam
1140 1953 1217 2037 legi-

109 2070 164 2129 tur
184 2061 367 2142 ἐπινέμεσθαι
387 2066 416 2148 2,
437 2065 488 2148 54,
509 2066 537 2128 5.
558 2063 619 2128 cfr.
639 2064 734 2149 Verg.
754 2066 834 2129 Aen.
848 2066 876 2142 2,
889 2066 962 2128 215.
975 2065 1078 2130 Sensu
1090 2067 1216 2150 proprio

104 2183 153 2244 est
176 2179 259 2243 idem
286 2179 371 2262 qnod
394 2178 496 2262 pasci,
522 2182 590 2242 tum
614 2178 766 2242 translate
789 2179 905 2242 dicitur
928 2178 967 2243 de
985 2179 1067 2263 igne.
1088 2177 1150 2244 Cir.
1163 2177 1218 2243 Sil.

106 2292 176 2357 Ital.
210 2293 259 2374 12,
293 2292 355 2356 153
387 2292 507 2376 depasti
538 2292 675 2356 flammis
707 2292 840 2376 scopuli.
870 2291 989 2376 Herod,
1020 2294 1048 2375 5,
1076 2293 1137 2355 101
1162 2295 1218 2373 πῦρ

104 2402 271 2483 ἐτινέμετοιι
302 2402 392 2468 πόλιν.
425 2405 612 2490 Iterumque
643 2404 683 2469 ob
707 2406 948 2470 similitudinem
971 2405 1160 2470 transfertur
1182 2408 1216 2470 in

105 2518 263 2602 morbum,
292 2519 348 2602 qui
371 2518 462 2583 uelut
483 2520 567 2604 ignis
590 2520 771 2603 depascitur
793 2539 921 2604 corpus,
942 2521 971 2601 2,
996 2521 1046 2602 54,
1071 2520 1090 2582 5
1112 2517 1217 2583 treval-

104 2655 186 2711 μοιτο
212 2631 248 2717 (ἡ
272 2630 370 2718 νόσος)
396 2630 423 2695 δ’
447 2631 574 2706 Ἀθήνας
597 2630 742 2711 μάλιστα.
768 2632 947 2717 0111113.
971 2632 1083 2718 Georg.
1103 2636 1132 2716 3,
1151 2634 1216 2697 458

103 2747 206 2810 Artus
236 2745 415 2829 depascitur
445 2747 533 2810 arida
558 2746 662 2811 febris.
687 2746 775 2811 Haeo
798 2752 882 2830 sunt,
907 2767 988 2832 quae
1012 2747 1050 2812 de
1074 2747 1217 2811 animali·
1299 2728 1303 2737 ¹

104 2860 166 2925 bus
188 2861 220 2923 in
245 2861 384 2924 medium
408 2862 485 2924 milri
506 2861 693 2945 proterenda
718 2863 808 2928 duxi.
831 2863 945 2946 Aequo
969 2862 1084 2945 animo,
1106 2864 1141 2925 ni
1159 2861 1217 2967 spl-

103 2975 162 3056 lor,
194 2972 370 3038 beneuolus
397 2975 494 3039 lector
515 2974 603 3058 feret,
626 2995 677 3040 me
701 2977 856 3061 quaedam
879 2977 1065 3041 adiunxisse
1086 2976 1127 3040 ad
1150 2977 1216 3039 ani-

104 3088 200 3151 malia
227 3107 309 3172 quae
331 3090 518 3173 pertineant,
541 3090 582 3154 ad
603 3092 704 3174 ipsam
727 3091 838 3174 capitis
861 3091 1097 3175 inscriptionem
1121 3092 1216 3174 perti·

104 3219 182 3264 nere
203 3220 268 3264 non
292 3202 470 3266 uideantur.

337 3782 356 3863 §
381 3782 432 3844 12.
456 3779 693 3845 Trouslotioues
714 3780 753 3845 ab
775 3801 853 3844 ονοιο
872 3781 993 3861 petitae.

149 3991 212 4056 Hic
246 4011 339 4056 suum
374 3991 478 4055 locum
512 3991 657 4074 habeant,
689 4011 771 4075 quae
801 3992 841 4056 ab
871 4011 947 4056 arcu
970 3995 1046 4056 sunt
1068 3999 1214 4078 sumptae

103 4106 335 4172 translationes.
366 4106 472 4170 Arcus
501 4105 598 4168 modo
620 4106 769 4188 tenditur,
791 4106 884 4170 modo
908 4106 1078 4171 relaxatur.
1100 4107 1213 4172 Trans-

103 4221 240 4285 lationes
269 4220 344 4284 inde
373 4224 466 4284 natae
495 4220 553 4284 hae
577 4223 669 4284 sunt:
695 4221 723 4282 5.
748 4221 777 4303 9,
800 4219 818 4282 6
842 4219 871 4283 ἕν
893 4218 933 4299 τῷ
956 4217 1095 4300 ἀνειμένῳ
1118 4221 1213 4285 αὐτῶν

104 4339 160 4408 τῆς
189 4331 309 4412 γνώμης
340 4329 392 4396 aul
423 4329 488 4413 πρὶν
506 4328 677 4406 ξοντοοθῆνοιι
700 4334 816 4411 μᾶλλον
839 4330 892 4405 τὶον
914 4328 1010 4407 δοξον,
1035 4335 1111 4400 dum
1136 4340 1212 4402 sunt
