3038 4980
727 480 768 542 41

198 670 405 751 opponuntur
432 665 461 739 ἐς
484 666 532 730 τὸν
554 666 673 748 τρίποδα
697 666 873 750 νίνανρείψαι
897 674 928 735 et
951 670 983 734 εἰι
1006 669 1114 742 παντὸς
1136 672 1186 734 τοῦ
1209 677 1309 744 Etan-

200 783 277 844 νικνῦ
305 778 478 863 πανακνσίιρ
500 777 666 861 ἐξαλεῖψαι,
691 787 759 847 tum
782 785 922 849 maxime
945 787 996 849 uis
1019 783 1190 850 uerborum
1214 789 1310 869 atque

199 895 325 980 pondus
360 899 503 980 augetur,
538 896 624 979 quod
657 896 753 961 uerbo
787 895 961 978 νίνανριίψαι
994 900 1129 982 proprie,
1160 899 1311 964 translate

199 1029 277 1074 uero
312 1008 410 1075 uerbo
440 1005 597 1097 ἐξαλεῖψαι
628 1012 731 1075 utitur
761 1009 971 1093 Thucydides.
995 1011 1116 1077 Eadem
1140 1013 1191 1077 uis
1214 1017 1310 1096 atque

200 1124 276 1187 hnic
310 1122 408 1187 uerbo
443 1118 608 1203 ἐξαλείφειν
641 1124 738 1188 latino
773 1123 872 1189 uerbo
908 1124 1052 1207 „delere”
1083 1129 1131 1190 est
1160 1125 1311 1190 subiecta.

200 1236 382 1321 Utrumque
414 1237 498 1301 enim
531 1236 569 1301 de
599 1236 694 1302 rebus
718 1241 814 1322 atque
836 1237 875 1302 de
897 1237 1080 1303 hominibus
1102 1239 1194 1304 iuxta
1216 1238 1310 1304 ualet.

200 1350 289 1414 Nihil
323 1369 402 1434 opus
437 1354 493 1434 est,
527 1352 562 1413 ni
595 1349 696 1434 fallor,
730 1355 766 1415 ut
798 1371 871 1416 cum
902 1353 981 1416 uiris
1005 1353 1106 1417 doctis
1130 1351 1256 1418 Ooenen
1279 1357 1310 1418 et

200 1464 373 1549 Dronlrers,
402 1485 476 1529 eum
507 1465 546 1530 de
569 1467 603 1530 ui
625 1468 735 1530 natiue
757 1467 854 1531 huius
878 1467 969 1532 uerbi
990 1462 1155 1548 ἐξαλείφειν
1179 1487 1311 1551 quaera-

200 1599 285 1662 mus,
316 1579 471 1663 picturam
506 1599 542 1643 ac
572 1578 708 1644 colorem
740 1581 933 1664 cogitemus,
964 1579 1063 1664 uulgo
1087 1582 1171 1644 enim
1195 1580 1312 1645 dicitur

201 1693 241 1758 de
263 1692 420 1776 omnibns
444 1711 526 1777 qnae
549 1695 665 1777 scripta
685 1693 866 1758 eraduntur.
880 1692 940 1782 Cir.
952 1694 1066 1758 Aesch.
1080 1692 1214 1778 Choeph.
1229 1695 1310 1776 5033

199 1808 311 1892 Eurip.
344 1806 420 1892 Hip.
454 1807 555 1888 1241;
587 1807 701 1871 Aesoh.
732 1807 825 1872 Theb.
859 1807 911 1873 15.
940 1806 1015 1871 Huc
1037 1809 1131 1872 etiam
1154 1809 1312 1892 pertinere

204 1922 335 1988 uidetur
367 1921 399 1985 τὸ
431 1919 586 2002 ἀφανίζειν
618 1922 702 2006 quod
733 1940 830 1986 sensu
853 1922 978 2006 proprio
1003 1922 1141 1986 occurrit
1163 1921 1192 2006 6,
1216 1922 1267 2006 54,
1292 1923 1309 1984 7

201 2033 317 2116 ὕστερον
349 2034 363 2097 o‘
389 2033 481 2113 δῆμος
507 2031 633 2115 ἦφνίνισε
655 2033 878 2116 τούπίγραμμα.
901 2034 1076 2100 Uideamus
1101 2054 1183 2120 quae
1205 2037 1234 2119 2,
1259 2036 1312 2120 42,

201 2153 222 2215 3
257 2152 424 2235 leguntur:
460 2148 561 2229 νίναίῷ
596 2147 653 2230 γαρ
687 2147 776 2213 κακὸν
806 2147 1016 2229 ἀφανίσαντες,
1048 2149 1131 2214 male
1159 2148 1240 2213 facta
1262 2149 1313 2233 iis,

201 2283 285 2349 quae
317 2263 399 2330 bene
431 2267 600 2349 gesserunt
632 2265 724 2348 quasi
754 2263 932 2329 oblinentes
956 2264 1016 2348 uel,
1038 2268 1075 2328 ut
1096 2265 1199 2348 ipsius
1223 2263 1311 2329 Cice·

200 2379 289 2443 ronis
311 2376 420 2443 uerbis
444 2382 527 2462 utar,
550 2379 694 2463 ,egregio
713 2376 794 2443 facto
813 2377 1003 2443 redimentes
1024 2379 1224 2462 praeteritam
1243 2379 1311 2442 eul-

201 2490 307 2577 pam.’'
338 2490 390 2556 Sic
423 2493 452 2575 7,
476 2493 505 2576 8,
528 2493 547 2554 2
573 2491 682 2557 Nicias
706 2496 860 2576 metuens,
884 2512 925 2557 ne
947 2493 1042 2576 legati
1065 2494 1136 2557 siue
1160 2493 1311 2557 memoria

201 2605 256 2670 uel
287 2605 412 2670 dicendi
442 2605 590 2671 facultate
620 2605 783 2672 deficiente
807 2607 877 2671 siue
900 2606 1017 2690 populo
1041 2610 1167 2690 gratum
1191 2606 1312 2690 aliquid

201 2720 306 2785 dicere
337 2721 510 2805 cupientes,
538 2739 616 2785 uera
646 2739 710 2783 non
733 2722 962 2804 renuntiarent,
985 2720 1153 2805 epistulam
1178 2721 1312 2806 scripsit,

202 2834 389 2899 existimans
412 2833 479 2898 fore
502 2837 539 2898 ut
562 2835 608 2898 sic
631 2835 819 2898 sententiam
841 2833 944 2918 ipsius
967 2853 1033 2897 non
1056 2832 1268 2898 obscurarent.

248 2947 308 3011 Gfr.
345 2948 375 3032 7,
407 2947 460 3032 69,
492 2949 511 3010 2
543 2946 710 3012 obliterare
732 2947 843 3012 laudes
867 2946 985 3032 quibus
1008 2946 1148 3024 illustres
1170 2949 1314 3033 ipsorum

202 3066 310 3128 essent
341 3061 485 3127 maiores.
519 3060 611 3127 Mitto
646 3066 765 3127 ceteros
801 3062 904 3142 locos3
939 3058 1010 3125 una
1039 3062 1133 3126 etiam
1163 3061 1316 3146 addenda,
1371 3042 1374 3047 ’

202 3196 300 3261 qnam
323 3174 490 3241 Rhetorica
512 3175 667 3261 praebuit,
689 3175 863 3241 translatio,
887 3174 1057 3240 Inuenitur
1081 3175 1110 3258 6,
1135 3175 1185 3262 31,
1208 3177 1230 3238 4
1251 3172 1314 3238 ἐντί-

200 3284 287 3362 δειξις
321 3294 375 3362 τῆς
410 3285 568 3367 δνννίραεας.
606 3288 667 3355 eff.
704 3290 732 3364 3,
769 3289 819 3373 16,
858 3289 875 3351 1
911 3287 967 3353 ubi
1002 3290 1107 3374 agitur
1140 3289 1179 3354 de
1210 3293 1313 3354 osten·

200 3401 299 3466 tanda
323 3402 431 3467 classe.

224 3872 244 3954 ξ
266 3873 294 3935 8.
318 3869 555 3936 Praecinctiones
578 3875 719 3956 sumptae
741 3871 779 3936 ab
802 3871 931 3958 artibus,
953 3873 1172 3959 quilechorne
1194 3876 1294 3941 αι’ίανι

559 4011 566 4027 ·
677 3989 842 4051 sustentat.

242 4195 348 4260 Homo
382 4194 496 4262 habeat
528 4197 615 4262 unde
651 4199 743 4262 uiuat
777 4202 908 4283 oportet,
939 4202 1039 4283 utque
1069 4197 1182 4265 habeat
1213 4201 1243 4265 ei
1265 4204 1314 4265 est

198 4311 425 4397 quaerendum.
461 4311 541 4376 Cum
573 4313 692 4376 multae
726 4313 791 4377 sint
827 4314 998 4397 quaerendi
1029 4313 1101 4378 uiae
1131 4314 1310 4400 uideamus,
