3038 4980
738 511 782 573 49

198 703 265 764 tam
294 697 374 763 hene
405 697 487 761 uidit
498 697 532 781 1).
559 696 591 760 N
593 697 657 761 ulla
678 699 763 762 enim
785 697 836 761 his
859 696 965 762 uerbis
987 698 1200 782 Thucydideis
1222 703 1309 767 inest

198 814 390 898 metaphora,
414 818 449 877 ut
468 809 520 876 aci
542 810 647 892 τυφλῷ
669 810 764 884 δῆλον,
788 812 822 874 ni
843 810 942 875 fallor.
961 811 1075 877 Totum
1098 814 1309 898 inspiciamus

197 928 320 993 locum:
348 923 461 1007 Πρῶτόν
490 949 524 989 σε
554 918 619 1006 ἦρξε
641 922 693 989 καὶ
716 926 745 997 ἒς
767 917 870 988 πάλλα
891 933 927 1007 τῇ
951 922 1033 989 πόλει
1056 923 1105 989 ἐπὶ
1130 925 1217 992 πλέον
1248 928 1314 992 ἀνο-

199 1038 273 1117 μίας
295 1039 326 1104 τὸ
350 1037 474 1117 νόσκμα,
500 1038 669 1104 Genitinus
689 1036 814 1116 ἀνομίας
833 1040 886 1102 hio
906 1059 971 1104 non
991 1041 1107 1124 pendet
1120 1060 1161 1106 ex
1173 1041 1312 1108 formula

200 1149 251 1216 ἐπὶ
273 1151 361 1216 πλέον
374 1151 407 1237 ²),
433 1158 468 1217 ut
490 1155 715 1238 interpretatur
738 1151 921 1218 Classenius
946 1191 988 1200 -
1012 1153 1067 1218 cfr.
1091 1156 1120 1239 2,
1145 1157 1196 1240 51,
1221 1156 1250 1240 6,
1273 1194 1314 1203 -

201 1286 316 1351 neque,
350 1271 387 1332 ut
417 1266 543 1332 Ooenen
574 1271 673 1352 putat,
696 1286 738 1331 ex
760 1266 858 1331 uerbo
882 1263 1015 1350 νόσκμα,
1039 1269 1118 1334 haec
1141 1289 1218 1335 uero
1241 1271 1314 1335 iun-

200 1381 305 1466 genda
335 1386 425 1446 sunt:
457 1377 534 1461 ἀρξει
568 1379 666 1466 (ἀρχὴ
697 1380 871 1466 γενήσεται)
899 1380 1034 1459 ἀνομίας.
1060 1384 1202 1468 Apparet
1225 1385 1316 1450 lucu·

202 1495 307 1560 lenter
337 1513 379 1560 ex
413 1496 453 1559 iis
485 1513 566 1578 quae
597 1496 809 1559 inueniuntur
841 1497 870 1578 2,
904 1496 954 1579 12,
978 1497 997 1558 3
1021 1491 1071 1569 ἥδε
1094 1495 1111 1569 ἡ
1136 1493 1231 1578 ἡμέρα
1254 1502 1316 1569 τοῖς

203 1605 335 1682 Ἕλλησι
368 1605 507 1687 μεγάλαν
537 1610 632 1672 κακῶν
662 1604 748 1688 ἀρξει.
781 1607 843 1672 Hic
877 1609 944 1674 dies
976 1609 1104 1676 Graecis
1127 1632 1316 1697 magnorum

141 1739 168 1771 θ
204 1726 362 1788 malorum
386 1726 445 1789 erit
467 1725 612 1805 initium3
638 1724 725 1807 quod
748 1723 869 1788 dictum
892 1723 1058 1810 Melesippi
1081 1727 1114 1789 in
1137 1728 1243 1791 animo
1263 1728 1318 1792 ha·

203 1838 315 1903 buisse
348 1837 527 1923 Uergilium
559 1842 636 1923 puto
666 1857 740 1902 oum
771 1837 896 1902 scribit:
924 1837 985 1903 Ille
1018 1839 1085 1904 dies
1116 1842 1240 1923 primus
1262 1842 1318 1906 leti

203 1953 392 2037 primusque
423 1951 587 2017 malorum.
617 1951 697 2016 Aen.
722 1951 751 2026 4,
780 1951 852 2014 169.
876 1950 936 2015 Otr.
959 1950 1034 2018 Sall.
1058 1952 1132 2037 Jug.
1156 1955 1198 2017 49
1223 1954 1316 2020 illum

205 2068 290 2132 diem
316 2044 528 2131 maximarum
553 2084 777 2130 aerumnarum
800 2066 929 2129 initium
951 2065 1028 2131 fore.

252 2179 398 2246 (laterum
423 2179 597 2244 Scholiasta
619 2179 659 2243 ad
682 2179 906 2263 Aristophanis
929 2178 1045 2244 Pacem
1068 2181 1153 2243 426:

428 2316 597 2390 σπένδοντες
618 2315 797 2396 εὐχώμεσθα
819 2315 872 2390 σὺν
895 2320 943 2380 νῶν
966 2313 1075 2396 ἡμέραν

430 2428 574 2503 Ἔλλιισιν
596 2427 681 2512 ἀρξαι
704 2433 777 2494 πῶσι
800 2432 916 2494 πολλῶν
938 2427 1078 2508 κάγαθῶν

208 2572 311 2639 uerba
351 2572 545 2653 Thucydidis
586 2572 697 2636 laudat
729 2572 910 2636 memoriter
943 2571 999 2635 sed
1033 2571 1150 2635 omisso
1184 2573 1322 2637 auctoris

208 2689 356 2752 nomine:
380 2683 431 2758 ἥδε
454 2685 470 2759 ἡ
492 2683 587 2766 ἡμέρα
609 2687 723 2748 πολλῶν
745 2682 798 2748 καὶ
818 2681 959 2762 μεγάλιον
979 2686 1074 2747 κακῶν
1093 2689 1155 2757 σοῖς
1177 2681 1322 2759 Ἔλλκσιν

208 2797 289 2882 ἀρξει
322 2805 358 2865 ut
381 2799 525 2865 ostendat
561 2800 806 2883 Aristophanem
839 2799 945 2862 locum
979 2798 1220 2878 Thucydidenm
1254 2818 1324 2865 esse

209 2917 380 2981 imitatum.

257 3030 309 3095 Sic
332 3031 470 3114 denique
492 3030 682 3094 uertendum
704 3029 797 3093 credo
820 3029 927 3093 locum
951 3029 991 3093 de
1017 3048 1080 3113 quo
1100 3030 1242 3113 egimus:
1261 3028 1325 3093 Hic

211 3142 345 3207 morbus
378 3143 451 3208 ahis
487 3143 582 3207 etiam
615 3145 650 3206 in
682 3142 778 3208 rebus
810 3143 933 3207 ciuitati
964 3144 1093 3207 maioris
1115 3142 1325 3227 improbitatis

210 3256 274 3321 fuit
307 3257 447 3320 initium.
481 3256 598 3341 Agitur
633 3258 719 3322 enirn
755 3256 794 3321 de
829 3259 863 3321 ui
898 3276 993 3340 quam
1024 3257 1203 3340 pestilentia
1231 3256 1325 3321 habet

212 3373 250 3435 in
284 3389 396 3435 meree.
432 3369 494 3436 On.
529 3369 609 3435 Plat.
645 3371 683 3434 de
712 3371 772 3454 leg.
803 3372 834 3454 4,
858 3371 922 3433 709
933 3370 974 3436 A.
999 3369 1099 3434 πολλά
1121 3369 1153 3434 δὲ
1182 3365 1232 3434 καὶ
1254 3368 1327 3434 νόσοι

213 3479 416 3562 ἀναγκάζουσι
439 3487 630 3560 καινοτομεῖν.
1051 3465 1053 3470 ,

260 3597 356 3661 initio
380 3599 436 3682 qui
459 3599 648 3662 medicinam
668 3597 859 3663 exercebant
876 3599 975 3663 fuisse
996 3600 1053 3683 qui
1070 3599 1168 3684 uulgo
1187 3600 1328 3685 chirurgi

215 3710 370 3775 dicuntur
403 3712 603 3795 uulneraque
637 3730 691 3776 eos
727 3731 856 3777 sanasse
889 3731 983 3776 nemo
1017 3711 1152 3797 negabit.
1175 3711 1238 3778 Res
1260 3715 1329 3798 ipsa

249 3992 276 4056 1)
292 3991 377 4044 liuius
393 3991 488 4044 erroris
503 3995 579 4058 culpa
596 3992 643 4044 ubi
659 3992 775 4058 resideat,
793 3994 846 4045 uiri
862 3993 1002 4046 doctissimi
1018 3993 1087 4059 Pape
1104 3993 1222 4059 lexicon,
1230 3994 1258 4045 in
1267 4009 1330 4047 uoce

217 4087 319 4151 νόσημα,
338 4085 384 4150 qui
400 4085 540 4150 inspexerit
556 4085 629 4136 facile
647 4085 762 4137 comciet.

251 4176 279 4245 2)
295 4177 324 4228 Ε.
342 4176 370 4228 C.
387 4177 529 4238 Marchant,
544 4175 651 4227 London
666 4174 733 4226 1891
751 4180 819 4228 recte
836 4177 1035 4243 interpretatur:
1052 4181 1079 4228 to
1095 4193 1111 4228 a
1127 4182 1227 4243 greater
1243 4182 1331 4229 extent

214 4268 294 4336 (than
319 4283 379 4320 ever
402 4268 496 4333 before)
520 4268 589 4319 since
613 4268 659 4318 the
684 4266 790 4328 αἰσχύνη
813 4269 900 4320 which
921 4269 1036 4321 followed
1058 4269 1104 4321 the
1128 4269 1222 4322 breach
1245 4270 1272 4320 ct
1286 4271 1332 4321 the

220 4359 327 4425 ἀγραφοι
344 4362 409 4422 νόμον
424 4358 476 4428 (37,
491 4358 516 4426 3)
536 4375 587 4414 was
603 4375 638 4413 no
654 4360 743 4427 longer
761 4360 813 4412 felt

1217 4453 1236 4507 4
