3098 4980
747 488 809 553 126

212 676 331 759 τατέρσν
359 675 571 755 κατείργεσθαι,
604 677 661 742 ubi
690 678 770 744 forte
798 679 912 744 melius
935 680 1051 765 legitur
1074 680 1282 766 καθαιρεῖσθαι,
1308 678 1326 742 1

214 792 264 868 76,
287 791 401 857 2.(111.
424 789 545 862 ύκρίταν
569 788 654 855 ὄντων
680 794 711 876 4,
735 792 785 870 20,
809 794 838 856 2.

259 904 339 969 Cum
360 905 469 969 mullis
493 905 562 969 aliis
586 904 682 970 rebus
705 907 761 989 qui
784 906 818 969 in
841 906 997 970 iudicium
1021 912 1111 972 erant
1133 909 1240 973 uoeeti
1262 908 1337 992 lege

214 1023 397 1083 tenerentur
426 1022 496 1082 tum
528 1017 721 1084 Graecorum
743 1019 777 1082 in
802 1019 944 1084 moribus
967 1025 1034 1086 erat
1057 1026 1093 1085 ut
1116 1027 1147 1085 et
1169 1022 1240 1087 iure
1262 1021 1337 1105 pig-

213 1134 301 1196 noris
331 1131 475 1216 capiendi
502 1137 533 1196 et
558 1132 742 1197 uadimonio
767 1133 829 1197 sibi
852 1152 966 1199 cauere
989 1135 1067 1199 utile
1090 1139 1246 1219 putarent
1271 1133 1337 1199 Ofr.

215 1244 314 1310 Meier
346 1246 410 1308 Att.
443 1244 531 1308 Proo.
566 1246 630 1309 504
653 1265 721 1329 sqq.
745 1252 776 1310 et
800 1248 862 1309 515
887 1266 954 1330 sqq.
974 1247 1104 1312 Platner
1127 1246 1268 1313 Prooeee.
1293 1246 1340 1331 Π,

222 1359 283 1422 301
309 1378 378 1443 sqq.
400 1363 431 1423 et
454 1358 517 1422 365
541 1378 608 1442 sqq.

266 1470 353 1548 Quae
376 1476 555 1556 sequuntur
577 1473 777 1556 metaphorae
800 1473 862 1537 huo
886 1477 961 1538 sunt
980 1473 1168 1538 referendae.
1189 1474 1219 1555 3,
1240 1473 1294 1557 46,
1317 1475 1334 1537 1

219 1587 269 1650 σύκ
291 1578 337 1647 σύν
360 1585 417 1665 χρὴ
441 1582 505 1648 σύτε
527 1587 577 1647 τοῦ
596 1583 718 1648 θανιθτρν
736 1591 773 1665 τῇ
792 1582 887 1667 ζνμθρ
906 1584 943 1657 ὡς
963 1584 1102 1665 ἐχεγγύῳ
1121 1584 1337 1658 πιστεύσαντες

216 1706 312 1781 χεῖρον
335 1698 557 1782 βουλεύσασθαι,
585 1719 683 1783 quare
702 1720 765 1764 non
789 1705 911 1785 oportet
934 1720 994 1766 nos
1013 1706 1068 1766 aut
1089 1704 1199 1766 mortis
1222 1720 1337 1787 poena,

217 1821 381 1899 tamquam
401 1814 557 1899 locuplete
578 1813 764 1880 fideiussore
786 1814 892 1897 fretos,
912 1815 1035 1900 aliquid
1053 1818 1186 1900 grauius
1205 1815 1245 1880 de
1263 1814 1338 1897 My-

220 1930 363 1995 tilenaeis
387 1935 533 1994 statuere.
557 1927 619 1994 cfr.
640 1928 734 2013 Soph.
755 1927 832 1994 Oed.
854 1927 917 1992 001.
937 1929 1001 1993 280
1014 1930 1062 1993 τὸν
1074 1927 1343 2012 ἱκθτκνέχέγγνσν,

269 2045 298 2120 8,
322 2044 372 2120 68,
396 2044 415 2106 3
443 2041 518 2105 πολύ
540 2066 573 2105 τε
595 2042 663 2123 πρὸς
685 2042 725 2107 τα
747 2041 833 2114 δειναὶ,
856 2041 1007 2124 ἐπειδήπερ
1030 2042 1139 2116 ύπέστνρ
1163 2042 1335 2124 Φερεμγνύ·

224 2179 311 2228 σατις
334 2154 438 2236 ἐφάνη,
461 2157 555 2241 longe
576 2156 765 2222 fidissimum
788 2176 822 2221 se
844 2158 1008 2241 praestitit
1031 2156 1092 2221 err.
1114 2157 1229 2223 Aesoh.
1248 2156 1337 2242 Sept.

226 2270 276 2353 96,
299 2270 372 2352 449,
396 2270 469 2332 797.
493 2269 587 2355 Soph.
611 2269 707 2335 Elect
732 2270 794 2333 942
817 2268 848 2332 σι’
868 2267 925 2349 γὰρ
948 2267 1072 2340 κελεύεις
1091 2263 1127 2332 ὧν
1146 2268 1203 2346 ε’γύι
1226 2266 1338 2349 Φερέν-

225 2406 303 2460 poor.
334 2383 451 2448 Herod.
483 2386 511 2466 5,
542 2384 600 2463 30;
632 2385 663 2467 8,
690 2384 742 2447 49.
765 2383 860 2469 Uerg.
885 2384 964 2449 Aen.
989 2385 1087 2466 5,17.
1110 2403 1185 2460 non,
1209 2385 1236 2448 si
1261 2385 1341 2449 mihi

224 2496 245 2560 J
248 2499 373 2582 uppiter
396 2502 507 2561 auctor
526 2496 694 2582 Spondeet,
705 2498 764 2561 hoo
776 2515 897 2581 sperem
911 2496 1035 2561 Italiam
1048 2499 1230 2581 contingere
1241 2497 1339 2562 eaelo.

269 2614 299 2694 4,
330 2613 381 2694 55,
403 2613 424 2674 4
447 2609 632 2691 ἀτολμότεροι
656 2608 686 2674 δὲ
710 2608 745 2674 δι’
768 2610 840 2674 αὐτὸ
862 2611 891 2682 ἐς
915 2609 970 2681 τας
993 2609 1104 2690 μάχας
1126 2605 1201 2683 ἦσαν
1225 2610 1337 2692 (Cobe-

225 2730 278 2789 tus
310 2725 399 2789 malit
425 2720 509 2806 ἦσαν)
532 2721 584 2788 καὶ
607 2725 666 2786 πῖιν
690 2721 707 2786 t
726 2746 753 2786 τι
776 2724 917 2796 καύσειαν
940 2725 1023 2805 pierre
1045 2723 1266 2802 ἁμαρτήσεσθαι
1290 2723 1339 2789 δια

223 2837 256 2901 τὸ
286 2836 338 2909 τὴν
368 2836 487 2914 werno
519 2835 702 2916 σἰνεχθγγνρν
733 2838 906 2915 γεγενῆσθαι
925 2837 958 2901 ἐκ
981 2843 1034 2910 τῆς
1057 2835 1122 2918 πρὶν
1143 2836 1261 2911 ύιρθεθαρ
1285 2842 1337 2903 τσῦ

222 2957 425 3032 κακρπραγεῖν.
461 2951 679 3017 Herwedenus
714 2954 848 3017 oonieoit
880 2950 1008 3032 (linem.
1042 2951 1067 3034 I,
1102 2972 1138 3036 p..
1166 2951 1217 3025 86,
1250 2950 1336 3034 Ne.)

221 3063 390 3144 ἐνεχὲγρνσι
414 3071 445 3131 et
468 3066 553 3130 haud
578 3067 643 3130 seio
668 3085 708 3128 sn
731 3084 799 3130 rem
822 3085 882 3130 acu
904 3067 1049 3150 tetigerit.
1070 3064 1122 3129 Sio
1145 3066 1231 3130 enim
1254 3070 1340 3132 recte

225 3181 361 3245 uertitur
391 3181 495 3244 loeus:
520 3185 550 3245 et
572 3185 736 3264 propterea
757 3179 797 3244 ed
820 3179 1027 3265 pugnandum
1052 3183 1141 3244 erant
1163 3179 1340 3247 timidiores

227 3299 258 3358 et
288 3294 443 3378 quidquid
467 3294 608 3378 aggressi
628 3293 774 3376 fuissent,
798 3292 831 3357 id
853 3292 1013 3358 infelicem
1037 3293 1160 3358 exitum
1183 3291 1342 3377 putabant

226 3407 418 3492 habiturum,
454 3427 528 3472 oum
561 3426 687 3471 omnem
720 3407 819 3470 animi
850 3405 1000 3471 fiduciam
1030 3406 1221 3489 amisissent,
1253 3405 1342 3490 quod

225 3540 393 3605 nunquam
423 3524 516 3585 antea
544 3520 671 3585 fortuna
700 3518 835 3584 aduersa
869 3523 975 3585 essent
998 3520 1057 3584 usi
1080 3519 1111 3582 A
1132 3518 1218 3583 furto
1242 3538 1342 3585 sensu

223 3635 375 3701 translato
407 3636 485 3699 haee
514 3635 726 3699 inueniuntur
752 3635 782 3717 5,
815 3635 845 3718 9,
869 3635 887 3696 5
912 3630 963 3697 καὶ
987 3631 1027 3696 τα
1049 3633 1216 3711 κλέμματα
1239 3636 1342 3698 ταῦτα

220 3747 382 3822 καλλίστην
416 3744 502 3822 δόξαν
533 3745 604 3827 ἔχει.
642 3746 870 3833 significentur
904 3748 956 3811 hio
977 3746 1228 3827 στρατηγήματα
1249 3745 1339 3813 furta

221 3862 304 3946 belli,
335 3882 416 3948 quae
445 3861 619 3947 Spartiatae
649 3862 699 3926 his
732 3861 849 3944 uerbis,
873 3858 1024 3924 omnibus
1048 3859 1118 3924 aliis
1141 3858 1342 3944 posthabitis,

223 3978 268 4042 eie
292 3979 464 4041 nominant.
488 3974 551 4043 err.
574 3972 721 4060 Xenoph.
746 3972 851 4038 Anab.
876 3976 906 4056 4,
929 3972 960 4057 6,
983 3956 1146 4037 14.'Dem.
1171 3971 1239 4037 Gor.
1261 3973 1340 4039 236.

226 4089 287 4154 Ofr.
319 4092 348 4175 1,
379 4091 451 4174 115,
483 4092 501 4153 5
532 4087 695 4168 κλέψαντες
725 4086 791 4159 τοὺς
817 4086 947 4168 ὅμύρσνς.
980 4088 1009 4171 7,
1039 4087 1091 4170 85,
1120 4087 1140 4151 3
1170 4085 1203 4150 τὸ
1222 4081 1252 4149 δὲ
1279 4085 1343 4152 δια-

228 4198 342 4267 κλαπὲν
366 4201 450 4267 πσλύ.

274 4317 461 4398 Καταφωρῑιν
481 4317 608 4401 proprie
628 4315 713 4382 idem
735 4315 820 4380 ualet
841 4334 878 4378 ao
897 4313 1129 4398 deprehendere
1148 4313 1337 4398 aliquemin
