3038 4980
847 495 889 557 84

303 686 334 767 4,
357 684 408 767 27,
432 684 468 759 3;
493 684 521 766 1,
546 684 605 764 92,
629 681 682 747 cfr.
706 684 736 766 4,
760 683 811 760 20,
837 683 872 763 13
897 684 926 765 5,
950 681 1003 765 26,
1030 682 1048 743 2
1074 678 1122 744 διθο
1145 677 1235 758 μέσον
1255 677 1422 758 γενόμενον.

305 799 334 875 1,
362 799 434 882 139,
456 799 478 860 4
501 796 634 874 ε’μπθδιον
658 796 691 860 πὸ
714 797 863 877 ψήφισμα
885 790 955 860 εἷναι
982 802 1036 869 πῆς
1060 795 1176 876 εἰρήνης.
1202 795 1303 879 Saepe
1327 795 1364 859 fit
1391 799 1426 859 ut

306 913 339 975 in
363 913 417 976 uia
440 911 492 976 uel
516 931 630 976 saxum
654 911 706 975 uel
731 911 824 974 arbor
849 911 996 975 domibus
1020 911 1074 975 uel
1096 907 1273 974 uiatoribus
1296 911 1425 992 impen-

307 1026 385 1091 deat.
416 1024 476 1089 Gfr.
503 1024 596 1089 Hom.
618 1024 738 1107 Hymn.
762 1024 865 1108 Apoll.
890 1023 955 1087 284
978 1019 1077 1103 ὕπερθε
1102 1021 1191 1104 πεπρὺ
1213 1020 1420 1103 ἐπικρέμαται.

307 1139 520 1224 Metaphorice
542 1139 602 1203 boc
626 1136 724 1203 uerbo
747 1134 1003 1217 ἐπικρεμώννυσθαι
1026 1141 1163 1202 utuntur
1187 1139 1359 1221 scriptores
1384 1137 1424 1201 de

306 1253 447 1337 periculo
477 1253 562 1336 quod
593 1253 746 1335 imminet,
772 1257 808 1316 ut
832 1251 860 1334 1,
885 1252 935 1334 18,
960 1253 979 1313 2
1003 1248 1260 1331 ε’πικρεμαοθθνπος
1285 1249 1424 1328 μεγώλου

307 1364 444 1440 κινδύνου,
468 1367 554 1451 quod
579 1366 756 1451 periculum
781 1370 828 1430 est
850 1365 969 1430 bellum
993 1364 1163 1430 Medicum.
1187 1363 1249 1428 Otr.
1274 1366 1305 1448 2,
1319 1367 1370 1447 53,
1384 1366 1422 1444 43

309 1481 338 1564 3,
360 1480 413 1564 40,
438 1481 474 1561 73
508 1480 536 1562 7,
562 1480 612 1563 15,
637 1480 654 1541 1
688 1483 719 1544 et
740 1482 771 1562 4,
794 1479 846 1556 31,
869 1481 887 1541 2
912 1478 969 1542 ubi
991 1479 1108 1564 legitur
1128 1476 1321 1558 ἀπόκρημνον.
1345 1477 1422 1542 Huc

309 1595 388 1658 mihi
418 1594 532 1658 addere
564 1594 670 1657 uisum
693 1596 741 1658 est
763 1593 985 1657 translationes
1009 1592 1172 1676 quasdam,
1196 1611 1278 1676 quae
1302 1591 1360 1656 ubi
1384 1592 1423 1656 de

309 1710 363 1773 uia
393 1710 528 1793 agimus,
559 1727 617 1772 suo
647 1707 717 1770 loco
748 1708 877 1771 tractari
900 1707 1060 1771 uidentur.
1084 1705 1139 1769 Nil
1163 1706 1264 1790 magis
1288 1709 1423 1770 naturae

309 1825 469 1906 conuenit,
500 1842 595 1906 quarn
631 1840 713 1906 quae
745 1821 839 1884 borno
874 1821 988 1885 cotidie
1022 1821 1084 1885 sibi
1114 1821 1250 1904 aliisque
1279 1820 1424 1884 accidere

310 1937 406 2019 uidet,
440 1937 475 1999 in
509 1935 587 1999 alias
617 1953 669 1999 res
692 1938 723 1998 et
746 1953 911 2018 corporeas
934 1937 1119 2017 etcorpore
1142 1937 1293 1997 uacantes
1315 1933 1422 2017 ipsum

308 2051 479 2115 transferre
502 2055 597 2134 atque
619 2051 654 2113 in
677 2054 852 2114 ceterarum
875 2069 983 2114 rerum
1007 2049 1210 2113 nominandis
1234 2048 1423 2113 conditioni·

309 2165 371 2229 bus
395 2166 501 2228 omnia
525 2164 565 2227 ad
589 2184 680 2228 suam
702 2165 805 2248 ipsius
829 2164 1042 2229 conditionem
1065 2183 1217 2229 reuocare
1238 2165 1379 2228 nomina.

353 2276 458 2342 Latini
488 2282 609 2342 rectum
638 2277 749 2341 dicunt
771 2279 790 2341 i.
804 2297 829 2342 e.
854 2278 893 2341 ad
916 2297 1008 2362 pares
1031 2279 1175 2362 angulos,
1199 2277 1285 2363 quod
1310 2276 1423 2342 Graeci

310 2389 383 2472 θρθθν
417 2392 591 2474 nominant,
624 2391 707 2454 sicut
738 2386 804 2453 εὐθύ
838 2391 937 2455 latino
971 2410 1116 2456 sermone
1149 2392 1234 2456 idem
1268 2392 1357 2456 ualet
1387 2411 1423 2455 ac

312 2505 475 2588 directum,
496 2502 655 2569 libratum.
678 2502 798 2568 Multae
820 2504 895 2568 inde
916 2505 1138 2569 translationes
1161 2509 1238 2569 sunt
1256 2506 1422 2589 profectae.

312 2622 340 2701 5,
375 2621 429 2704 42,
461 2621 480 2682 2
511 2617 584 2700 ὀρθόν
616 2618 732 2682 dicitur
763 2617 802 2682 de
833 2617 912 2682 urbe
935 2622 966 2683 et
989 2620 1065 2684 huic
1089 2620 1210 2684 notioni
1233 2620 1351 2686 ibidem
1377 2625 1424 2685 est

310 2735 491 2817 oppositum
513 2729 713 2813 καθῃρημένον.
738 2730 800 2798 cfr.
825 2734 853 2816 5,
876 2732 928 2817 46,
951 2734 980 2795 2.
1359 2739 1360 2742 ’

353 2847 442 2912 Haec
463 2848 616 2932 leguntur
639 2848 668 2931 2,
691 2848 742 2931 81,
766 2849 785 2910 3
806 2844 920 2924 νομίσαι
942 2846 972 2911 δὲ
995 2845 1140 2933 (δίκαιον)
1163 2854 1232 2921 παῖς
1244 2847 1422 2930 μὲνπθχαις

309 2958 477 3040 ἐνδέχεσθαι
510 2956 697 3053 σφάλλεσθαι
731 2959 797 3032 ποὺς
832 2959 1001 3041 ἀνθρώπους,
1032 2968 1101 3034 ταῖς
1132 2961 1163 3026 δὲ
1193 2961 1327 3040 γνώμαις
1357 2963 1423 3036 τοὺς

309 3071 481 3145 abacistis>
505 3069 645 3154 ώνδρεθους
668 3073 749 3153 ι’ρθώς
772 3066 851 3147 εἶναι,
876 3072 927 3138 καὶ
953 3073 996 3153 μὴ
1020 3100 1047 3141 κ.
1060 3098 1087 3138 π.
1102 3089 1130 3141 λ.
1152 3075 1293 3160 Frustra,
1312 3078 1347 3140 ni
1367 3077 1424 3142 fal·

308 3187 367 3270 lor,
400 3186 519 3271 Poppo,
554 3185 736 3251 Classenius
768 3188 887 3272 aliique
920 3190 997 3253 haec
1027 3188 1126 3254 uerba
1149 3191 1232 3255 tueri
1255 3196 1422 3256 conantur.

311 3299 435 3385 Optime
458 3303 598 3366 correxit
615 3301 810 3365 Badhamius
829 3300 920 3381 θρθοὺς
932 3323 989 3386 pro
1002 3303 1093 3388 ὀρθῶς,
1104 3304 1274 3373 scholiasta
1285 3311 1424 3389 auctore,

313 3416 370 3499 qui
400 3415 541 3498 scripsit:
573 3409 727 3492 ἔχειν...
754 3413 908 3487 ἓππνκυῖαν
939 3414 991 3488 ‘cbo
1021 3415 1141 3494 γνώμην
1171 3414 1223 3481 καὶ
1246 3415 1290 3496 μθρ
1314 3417 1422 3484 ὑποπε·

312 3533 463 3591 πποκυῑαν
495 3533 557 3600 ποῑς
587 3525 696 3600 δεινοῖς.
732 3527 792 3593 His
828 3528 977 3594 omnibus
1009 3529 1145 3596 libenter
1174 3533 1338 3617 assentior,
1368 3534 1423 3598 sed

312 3638 452 3722 ἀνδρείους
475 3661 533 3706 cur
555 3641 715 3719 deleuerit,
739 3661 798 3707 nee
823 3645 995 3728 quicquam
1016 3646 1191 3710 restituerit
1209 3647 1262 3709 uir
1282 3647 1424 3712 doetissi-

312 3775 384 3819 mus
418 3775 492 3820 cum
523 3755 617 3839 plane
647 3775 711 3819 non
744 3756 870 3820 uideam
899 3758 1041 3842 aliasque
1063 3777 1158 3823 uoces
1181 3763 1341 3844 corruptis
1364 3761 1423 3827 sub

312 3869 426 3933 litteris
458 3869 555 3934 latere
590 3888 745 3954 censeam,
780 3872 826 3935 sie
860 3872 951 3935 credo
984 3891 1054 3937 esse
1082 3873 1271 3958 legendum:
1301 3882 1371 3948 ταῖς
1393 3872 1424 3940 δὲ

312 3981 444 4059 γνώμαις
485 3981 551 4054 ποὺς
592 3981 698 4055 αὐτοὺς
740 3981 787 4046 oiri
822 3982 858 4047 θον
892 3983 948 4048 δεῖν
982 3983 1073 4066 θρθοὺς
1106 3979 1176 4050 εἶναι
1211 3988 1300 4054 uiros
1336 3990 1423 4055 decet

311 4100 412 4160 rectos
454 4101 536 4160 stare
577 4096 633 4160 ubi
674 4098 782 4161 omnia
821 4100 932 4163 iacent.
975 4098 1063 4176 Quae
1104 4113 1285 4185 sequuntur
1326 4105 1424 4169 uerba

312 4211 499 4274 sententiam
524 4210 652 4294 planius
676 4213 771 4275 etiam
793 4213 1047 4296 interpretantur.
1071 4215 1321 4300 5,102legitur
1345 4215 1423 4295 μεπθι

313 4320 344 4386 δὲ
379 4326 430 4387 ποῦ
465 4320 606 4404 δρωμένου
641 4320 682 4388 ἔπι
713 4321 764 4388 καὶ
794 4331 897 4398 στῆναι
926 4323 1012 4398 ἐλπὶς
1042 4327 1131 4408 θρθώς.
1165 4328 1217 4393 Sic
1239 4330 1315 4396 libri
1338 4333 1420 4398 dant

1477 4510 1494 4573 1
