3038 4980
830 488 850 550 6

281 680 476 744 audaciores.
500 677 633 763 Singula
656 679 734 742 haec
756 695 873 762 genera
890 679 926 740 in
944 677 1064 762 species
1084 676 1227 740 diuidere
1245 675 1327 740 licet.
1341 674 1395 740 Sic

281 793 321 858 ad
352 792 575 857 translationes
610 791 768 876 simplices
797 792 956 875 pertinent
985 790 1104 854 multae
1135 791 1273 874 quaein
1296 809 1395 854 usum

281 924 483 970 communem
512 905 590 970 adeo
618 903 765 968 abierunt
786 907 823 968 ut
846 899 918 967 non'
936 904 1027 987 quasi
1050 903 1211 968 translatis
1235 903 1292 968 sed
1314 907 1396 967 tam-

283 1040 378 1104 quam
402 1019 537 1104 propriis
560 1037 670 1083 omnes
693 1019 746 1082 usi
768 1019 842 1101 sint,
864 1018 954 1082 velut
972 1015 1092 1093 βαίνειν,
1112 1014 1236 1080 πίπτειν.
1250 1018 1395 1082 Alteram

282 1135 420 1219 speeiem
455 1133 629 1198 conficiunt
664 1130 761 1196 uerba
790 1132 886 1217 paulo
917 1132 1107 1196 insolentius
1139 1131 1223 1195 dicta
1246 1133 1318 1196 siue
1340 1151 1397 1216 per

282 1245 475 1331 νντνὲχρνσνν,
506 1267 601 1332 quam
633 1251 718 1311 recte
741 1245 850 1311 Cicero
873 1244 1059 1310 abusionem
1083 1249 1187 1329 uocat,
1211 1245 1316 1310 velut:
1342 1247 1397 1310 ho-

283 1363 379 1427 minis
403 1363 490 1426 uires
513 1360 628 1426 breues
651 1364 743 1442 sunt3
767 1360 899 1445 longum
922 1361 956 1422 in
979 1360 1108 1423 homine
1131 1359 1311 1423 consilium.

326 1476 462 1541 Tertiam
493 1479 524 1540 et
552 1476 635 1540 hanc
666 1475 892 1559 subiungimus
924 1475 1060 1559 speeiem
1084 1492 1195 1538 eorum
1218 1474 1275 1558 qui
1298 1474 1395 1559 vulgo

283 1591 412 1656 termini
442 1591 580 1656 tecbnioi
603 1590 770 1670 dicuntur3
795 1589 886 1653 uelut
907 1586 1011 1668 κέρνςε
1035 1589 1194 1653 exercitus
1217 1587 1283 1670 ala3
1307 1585 1395 1661 rodi:

283 1724 339 1790 pes
361 1705 433 1770 ueli.

246 1856 251 1866 ·
326 1818 378 1882 Ad
403 1836 456 1882 eas
481 1837 561 1901 quas
584 1817 726 1882 diximus
750 1816 970 1882 translationes
994 1816 1178 1880 audaciores
1198 1817 1399 1882 reuocandas

288 1936 365 1997 sunt
388 1949 452 2014 eae,
471 1950 607 2015 quarum
628 1931 685 2014 qui
704 1934 840 1995 utuntur
851 1930 924 2014 plus
935 1931 1085 1994 minusue
1098 1928 1159 1994 sibi
1171 1934 1248 1994 sunt
1260 1932 1398 2010 conscii3

287 2046 380 2110 uelut
413 2049 512 2127 νοσεῖν,
546 2043 602 2108 ubi
636 2043 742 2128 agitur
772 2043 811 2108 de
842 2044 940 2107 animi
967 2040 1259 2127 perturbationibus
1282 2042 1337 2107 uel
1361 2043 1400 2108 de

286 2157 391 2223 turbis
425 2177 461 2222 ac
496 2156 704 2222 seditionibus
738 2158 772 2219 in
807 2158 952 2237 ciuitate3
988 2161 1019 2221 et
1053 2153 1170 2236 iciuraa
1205 2156 1312 2221 moliri
1347 2158 1400 2221 uel

280 2273 459 2336 'machinari
482 2271 611 2356 aliquid.
637 2270 718 2335 Sunt
740 2269 923 2355 frequentes
946 2271 1006 2334 hae
1029 2270 1254 2335 translationes
1275 2272 1311 2334 in
1334 2291 1401 2336 ser·

286 2405 380 2451 mone
403 2385 529 2471 uulgari
552 2402 658 2470 neque
682 2404 735 2449 eas
758 2389 916 2469 respuunt
938 2388 1056 2468 poetae.

330 2499 405 2565 Huc
435 2519 527 2584 porro
553 2500 714 2584 pertinent
737 2502 768 2563 et
791 2517 828 2562 ea
850 2497 949 2563 uerba
971 2499 1145 2562 orationem
1170 2517 1253 2581 quae
1276 2504 1400 2584 ornant,

288 2613 471 2700 quibusque
500 2614 669 2697 scriptores
701 2616 732 2677 et
761 2617 872 2697 poetae
901 2616 1038 2676 utuntur
1068 2617 1106 2675 ut
1130 2612 1294 2677 delectent.
1318 2613 1401 2679 Sunt

287 2731 319 2793 et
341 2728 598 2791 communiant:
624 2724 725 2798 νυκτὸς
748 2722 836 2802 duaa
859 2725 892 2789 id
916 2730 963 2790 est
986 2726 1078 2807 luna;
1104 2725 1281 2803 λαμπάδεςε
1302 2727 1401 2793 solet

288 2840 413 2921 stellae3
453 2844 530 2904 sunt
563 2844 595 2905 et
629 2840 787 2924 cuiusque
822 2840 949 2924 propria
984 2843 1037 2903 ut:
1073 2838 1211 2920 κρόταφον
1246 2839 1402 2906 Κννκνὶσνν

287 2954 401 3020 Aesoh.
425 2953 530 3018 Prom.
556 2953 628 3037 718,
650 2953 707 3018 ubi
727 2954 765 3018 de
785 2953 930 3039 partibus
950 2954 1168 3037 superioribus
1180 2956 1299 3019 montis
1311 2957 1402 3021 uelut

288 3069 328 3134 de
356 3066 553 3153 temporibus
584 3069 716 3132 humani
746 3069 857 3152 capitis
890 3072 939 3132 est
961 3069 1182 3153 cogitandum3
1208 3073 1239 3133 et
1261 3071 1402 3146 γλῶσσαν

289 3182 318 3245 ἐν
347 3178 431 3264 τύχᾳ
461 3178 553 3258 νέμων
583 3182 697 3246 Aescb.
721 3181 779 3267 ng.
806 3181 870 3244 663
892 3182 1035 3266 linguam
1059 3181 1196 3247 fideliter
1217 3181 1402 3266 gubernans

288 3299 323 3362 in
345 3299 426 3362 mari
448 3297 603 3362 fortunae.

335 3410 487 3476 Omnium
510 3415 618 3475 tamen
641 3410 873 3495 pulcherrimae
894 3410 967 3475 illae
988 3414 1065 3475 sunt
1083 3412 1307 3477 translationes
1321 3431 1402 3498 quae

290 3524 331 3588 ad
352 3526 477 3589 tertiam
501 3525 598 3589 huius
620 3527 746 3610 generis
770 3527 907 3610 speciem
930 3529 1007 3589 sunt
1030 3525 1220 3590 referendae.
1241 3525 1403 3592 Sublimes

290 3656 371 3702 uoco
402 3642 542 3723 suntque
571 3657 661 3703 rarae
690 3638 843 3703 dictiones
867 3657 948 3723 quae
971 3640 1139 3724 grandiore
1163 3659 1263 3725 paene
1287 3643 1405 3725 spiritu

291 3750 419 3816 inflatae
454 3751 622 3832 uidentur3
657 3751 748 3816 uelut
781 3750 906 3832 mapula
940 3750 966 3815 δ’
997 3750 1120 3830 donata
1133 3750 1161 3841 1)
1193 3778 1226 3817 σε
1256 3753 1404 3832 datura

292 3864 406 3929 Aesch.
430 3863 535 3929 Prom.
561 3864 646 3928 1018
672 3869 704 3929 et
723 3863 910 3946 κρνκνβνφίνς
930 3866 1080 3947 στνιγώνὶ.
1093 3887 1118 3933 e.
1131 3871 1271 3954 sanguis.
1283 3870 1405 3936 Huius·

269 3977 414 4042 ,comedi
437 3976 698 4043 translationibus
722 3982 857 4044 utuntur
879 3985 989 4065 poetae
1014 3987 1045 4047 et
1065 3987 1205 4049 oratores
1224 3984 1320 4051 altius
1333 4007 1406 4052 oum

290 4095 464 4176 assurgunt
487 4097 518 4157 et
541 4092 652 4157 diuino
677 4094 792 4177 spiritu
816 4097 908 4178 quasi
932 4098 1010 4161 sunt
1032 4099 1188 4164 concitati.

294 4247 437 4258 —a

326 4327 354 4396 i)
373 4328 427 4384 Cir.
448 4328 509 4382 Cho.
526 4327 584 4396 586,
601 4328 731 4395 Aristoph.
749 4330 837 4382 Ranae
855 4329 912 4383 706.
