3038 4980
750 488 791 551 87

207 672 346 756 imagine
369 672 415 736 sic
439 675 548 736 uano:
573 691 679 756 neque
700 672 793 737 facile
815 677 863 738 est
885 692 922 738 eo
946 693 1061 739 nauem
1082 675 1239 759 appellere
1259 696 1323 761 quo

207 786 349 851 soluistis
381 805 399 850 θ
429 790 544 870 portu3
577 790 608 851 θῖ
640 787 728 850 omni
751 787 961 852 similitudine
983 793 1119 853 remota:
1145 808 1209 853 non
1231 790 1323 854 facile

207 907 255 964 est
274 917 311 964 ea
330 899 474 964 obtinere
493 899 533 963 ad
545 918 627 983 quae
639 901 838 965 contenditis.
852 900 948 965 Nunc
959 901 1126 966 redeamus
1139 903 1178 966 ad
1190 897 1322 982 ἐξορμᾶν.

250 1012 426 1077 Translatio
454 1013 550 1078 huius
573 1012 664 1077 uerbi
688 1016 826 1078 occurrit
848 1015 877 1097 6,
901 1015 952 1098 88,
977 1015 1017 1078 10
1040 1015 1187 1095 παρελθὼν
1210 1014 1224 1078 ὂ
1246 1015 1322 1080 Ἀλ-

206 1123 343 1203 sceatta
377 1121 525 1206 σαρώξυνέ
559 1149 592 1189 σε
625 1126 691 1199 σοὺς
714 1125 961 1204 Λακεδαιμονίους
984 1125 1036 1191 καὶ
1059 1124 1206 1208 ἐξώρμησε
1229 1127 1322 1208 λέγων
1398 1122 1401 1127 ’

205 1237 309 1304 raetis.
336 1239 422 1304 Illud
446 1235 610 1320 παροξύνειν
635 1243 753 1325 apertis
777 1241 884 1306 uerbis
907 1241 1036 1326 indicat,
1061 1243 1139 1326 quid
1163 1243 1272 1307 ualeat
1290 1242 1323 1307 ab

205 1350 330 1433 ἐξορμᾶν
352 1358 383 1419 at
410 1355 515 1418 cuiuis
537 1359 651 1418 notum
674 1359 722 1419 est
744 1374 998 1437 synonymorum
1022 1357 1204 1421 iuncturam
1229 1375 1322 1441 saepe

204 1469 274 1534 fieri
305 1487 361 1552 per
395 1468 552 1532 uocabula
582 1491 615 1531 σε
648 1505 689 1515 -
713 1466 771 1532 καῖ.
794 1468 846 1533 Sic
870 1470 964 1533 etiam
988 1469 1017 1552 6,
1041 1469 1073 1554 6,
1095 1472 1113 1533 2
1136 1467 1272 1547 μάλιστα
1294 1469 1321 1534 δ’

205 1579 313 1654 αὐτοὺς
340 1577 511 1661 ἐξώρμησαν
541 1579 721 1658 Ἐγεσταίων
744 1580 891 1661 σρεσβεῖς,
916 1583 1117 1666 potissimum
1140 1602 1195 1648 eos
1216 1584 1322 1668 impu-

203 1698 312 1761 lerunt
336 1695 564 1780 Egestaeorum
588 1696 693 1780 legati.
715 1771 718 1775 ἵ
1016 1767 1017 1771 Ἰ

249 1810 301 1874 Ab
332 1811 426 1874 litore
455 1828 570 1874 nauem
602 1812 637 1873 in
668 1810 767 1873 altum
792 1810 950 1894 expellere
973 1810 1091 1875 dicitur
1113 1809 1240 1884 ἀναθεῖν,
1265 1810 1321 1877 cfr.

206 1923 303 1988 Hom.
328 1922 386 1989 Od.
412 1924 462 2006 15,
487 1924 559 1986 553.
583 1922 641 1988 Est
664 1919 750 1997 σ’έσαξ
772 1921 923 2004 εἰρημένον.
946 1923 1148 1989 Transfertur
1171 1925 1200 2008 8,
1225 1925 1276 2007 93,
1300 1925 1319 1986 2

206 2037 318 2102 ἀνῶσαι
347 2037 400 2110 σην
430 2036 514 2102 πόλιν
544 2037 574 2109 ἐς
603 2035 669 2108 σοὺς
691 2035 857 2114 πολεμίους.
882 2036 1058 2102 Scholiasta
1079 2039 1320 2122 interpretatur:

205 2152 426 2231 ἀνατραπεῖσαν
462 2151 492 2223 ἐς
525 2148 581 2222 ταὶς
614 2153 671 2213 σῶν
705 2149 849 2228 πολεμίων
880 2157 985 2231 χεῖρας
1015 2149 1190 2229 ἐμβάλλειν.
1221 2151 1320 2236 Saepe

205 2286 307 2331 naues
338 2269 507 2349 expectant
536 2268 571 2328 in
593 2268 718 2330 ancoris
742 2266 818 2330 dum
842 2270 969 2350 portum
994 2266 1054 2330 sibi
1078 2267 1171 2331 detur
1192 2267 1320 2331 intrare.

205 2381 308 2446 Nauis
347 2385 417 2445 tum
455 2381 572 2446 dicitur
610 2378 749 2461 μετέωρος
786 2380 841 2444 cfr.
878 2382 907 2465 2,
941 2381 991 2464 91,
1023 2381 1042 2443 3
1073 2378 1163 2452 ὁλκὰς
1192 2379 1321 2460 ὂρμσῦσα

205 2493 345 2575 μετέωρος
379 2499 410 2560 θῖ
443 2497 474 2579 4,
511 2495 561 2578 14,
596 2495 631 2575 1;
662 2495 692 2577 8,
724 2495 774 2577 10,
799 2495 836 2575 33
861 2498 892 2558 et
915 2494 1042 2578 saepius
1066 2495 1212 2578 occurrit,
1236 2514 1320 2558 nun·

205 2631 302 2696 quam
344 2614 449 2674 tamen
492 2608 578 2693 apud
619 2607 866 2692 Xenophontem
899 2627 959 2672 nec
993 2608 1076 2692 apud
1111 2607 1319 2672 Herodotum.

206 2725 235 2807 8,
268 2722 319 2806 16,
350 2723 369 2784 2
399 2722 516 2806 legitur
547 2718 600 2785 καὶ
631 2719 825 2801 μετεωρισθεὶς
848 2721 878 2783 ἒν
901 2721 941 2800 σῷ
963 2718 1096 2798 σελαγεῖ.
1117 2719 1206 2785 Haec
1229 2721 1258 2784 ἕν
1279 2721 1320 2800 τῷ

204 2833 330 2914 σελαγεῖ
357 2837 434 2899 mihi
457 2836 608 2900 uidentur
631 2840 786 2919 suspecta.
808 2834 949 2899 Ubinam
973 2853 1054 2918 quae
1078 2835 1195 2898 dicitur
1218 2835 1319 2898 altum

204 2954 311 3036 petere
340 2944 537 3034 (ἑξανήγεσσ)
564 2947 785 3029 μεσεωρνσῖεῑσα
810 2949 1004 3031 conspicitur
1027 2949 1144 3012 nauis?
1167 2947 1207 3010 In
1232 2949 1320 3032 mari,

204 3064 308 3129 crede.
339 3062 422 3140 Quid
455 3064 483 3127 si
513 3063 642 3145 accedit,
670 3061 756 3145 quod
776 3061 876 3125 multo
901 3061 1015 3126 mehus
1039 3062 1158 3125 dictum
1183 3066 1266 3127 esset
1288 3063 1319 3132 ἐς

203 3178 236 3242 τὸ
269 3175 412 3254 πέλαγος.
435 3175 589 3240 Eicienda
612 3179 688 3240 sunt
710 3173 817 3252 uerba,
841 3176 875 3237 ni
898 3174 1000 3258 fallor,
1023 3179 1185 3259 tamquam
1209 3196 1318 3260 super·

203 3309 353 3373 uacanea,
376 3309 458 3373 quae
481 3289 599 3354 sciolus
621 3289 729 3353 nescio
754 3289 827 3371 quis
851 3287 988 3359 obtrusit
1010 3289 1195 3370 Thucydidi.

247 3403 310 3468 Sed
350 3404 427 3468 haee
469 3404 640 3484 hactenus3
683 3421 816 3486 agamus
852 3403 891 3466 de
924 3402 1185 3467 translationibus
1221 3403 1318 3467 huius

202 3520 339 3603 generis,
370 3518 489 3601 quibus
520 3537 599 3582 usus
631 3521 679 3582 est
708 3516 917 3598 Thucydides.
950 3519 979 3599 2,
1012 3518 1043 3601 8,
1077 3518 1094 3579 1
1126 3512 1144 3589 η’
1173 3540 1207 3579 σε
1236 3513 1316 3588 ἄλλη

202 3630 317 3704 Ἕλλας
348 3629 487 3712 μετέωρος
517 3624 559 3705 ἦν,
589 3631 714 3715 reliqua
745 3631 876 3695 Graecia
902 3632 1017 3695 animis
1041 3636 1144 3696 erecta
1166 3635 1239 3694 erat.
1264 3629 1316 3695 Sic

203 3748 298 3811 etiam
330 3746 359 3829 6,
390 3746 440 3828 10,
472 3747 490 3808 5
521 3742 572 3809 καὶ
602 3742 646 3822 μὴ
677 3743 808 3824 μεσεώρῳ
836 3751 872 3825 τῇ
904 3745 987 3807 πόλει
1016 3740 1117 3818 ἀξιοῦν
1138 3740 1313 3807 κινδυνεύειν.

205 3901 350 3911 -ι--ι

201 3981 332 4048 exprimit,
355 3985 472 4032 attamen
495 3981 539 4045 ita,
561 3984 591 4031 ut
614 3982 693 4032 simul
711 3981 772 4032 insit
789 3980 941 4046 significatio
958 3981 1086 4045 quaedam
1103 3980 1221 4031 laborum
1238 3984 1314 4032 antea

200 4074 396 4139 exhaustorum,
421 4087 535 4137 quorum
559 4073 674 4138 quietem
699 4073 779 4132 locus,
804 4088 884 4138 quem
909 4073 962 4124 adit
987 4074 1053 4138 quis,
1071 4073 1192 4137 praebere
1208 4077 1316 4137 putatur

200 4179 281 4230 aeque
307 4178 336 4215 ac
361 4165 448 4215 nautis
469 4164 552 4214 litoris
569 4165 654 4215 aditus
671 4164 752 4216 finem
767 4164 846 4215 elficit
861 4179 1047 4216 aerumnarum
1064 4166 1092 4215 in
1110 4165 1163 4216 alto
1181 4168 1315 4230 superata·

199 4270 267 4308 rum
294 4253 389 4305 Eadem
414 4254 455 4304 uis
480 4254 548 4305 inest
572 4255 652 4306 uerbo
677 4255 779 4307 νέηαειν.
802 4256 852 4307 Clr.
872 4256 900 4307 E.
918 4256 1056 4324 Schwartz,
1073 4257 1108 4307 De
1126 4256 1313 4322 metaphorise

200 4346 267 4398 mari
283 4349 310 4398 et
325 4360 354 4397 re
370 4345 457 4397 nauali
473 4345 568 4411 petitis,
584 4361 640 4414 pag.
657 4344 699 4397 45.
1132 4339 1134 4343 ’
