3038 4980
743 532 784 595 99

197 727 304 802 prussia
334 721 459 804 dieitur,
480 710 562 805 quae
584 721 748 785 translatio
772 740 789 785 e
812 725 1002 786 tesserarum
1024 722 1204 787 talorumne
1227 724 1313 788 iactu

199 842 247 902 est
270 841 350 900 nata.
375 835 435 899 Ofr.
459 835 627 900 Menandri
645 835 725 899 illud
743 835 977 920 peruulgatum,
997 835 1083 919 quod
1104 835 1218 901 Caesar
1237 838 1313 901 olim

198 951 273 1016 feeit
307 969 412 1032 sunm,
446 947 599 1029 ἀνερρίφθω
634 946 724 1025 κύβος
757 950 839 1013 iacta
869 949 936 1014 alea
959 953 1034 1014 esto,
1056 949 1166 1035 Eurip.
1190 950 1314 1035 Tragm.

202 1064 299 1131 Dind.
322 1064 396 1129 406.

245 1179 395 1264 Legimus
428 1181 457 1261 5,
489 1179 562 1262 103,
594 1179 696 1250 Ινοΐς
720 1176 745 1241 δ’
770 1178 883 1249 11....
908 1175 990 1241 ἅπαν
1014 1178 1047 1242 τὸ
1070 1176 1203 1259 ὑπάρχον
1227 1179 1313 1259 αἰναρ-

199 1296 336 1373 ρνπτνῦσν.
368 1291 489 1357 Graues
520 1293 606 1356 huno
636 1292 744 1356 locum
777 1293 823 1356 sic
852 1294 1082 1376 interpretans:
1117 1294 1237 1375 „throw
1263 1295 1324 1359 thev

203 1406 282 1488 dice,
303 1426 366 1470 run
388 1406 441 1470 the
463 1405 539 1488 rish,
562 1425 597 1469 so
620 1425 654 1470 as
678 1410 710 1469 16
730 1406 848 1470 extend
868 1410 900 1469 to
920 1406 1002 1471 their
1021 1405 1093 1489 all,''
1112 1411 1264 1492 prouocat
1277 1408 1318 1470 ad

200 1523 231 1604 4,
255 1523 306 1603 92,
329 1522 350 1583 4
372 1519 401 1591 ἐς
425 1523 526 1583 πᾶσαν
549 1512 587 1590 εἷς
610 1516 668 1599 ὅρος
691 1517 870 1595 παγήσεται.
888 1519 1072 1584 Badhamns
1096 1520 1172 1585 citat
1184 1525 1245 1591 τοῖς
1258 1519 1316 1591 δ’ἒς

206 1631 347 1719 (ἑαυτὴν)
372 1630 462 1697 ἅπαν.
490 1632 629 1716 „Leuius
648 1632 772 1716 possis”
791 1631 1028 1698 Herwerdenus
1039 1635 1154 1717 inquit,
1169 1638 1249 1716 ,τοῖς
1260 1633 1319 1705 δ’ἒς

206 1746 259 1832 (ἒ)
275 1743 386 1811 ἅπαν”.
418 1747 485 1810 Alii
507 1748 537 1817 ἐς
560 1743 641 1810 ἅπαν
676 1749 924 1830 interpretantur
955 1745 1157 1819 παντάπασιν,
1181 1748 1236 1811 alii
1260 1745 1320 1827 περὶ

204 1857 347 1933 ἅπαντας,
372 1863 481 1940 nentri
503 1859 714 1944 probabiliter.
739 1859 1321 1946 0166161166ρ1οροῐ111νὶναρρίπτννσα
1450 1893 1453 1900 ν

205 1972 368 2046 16111114.
382 1972 444 2038 Sed
456 1972 553 2058 probe
565 1973 882 2039 animaduertendum
897 1977 944 2039 est
955 1974 1137 2054 ἀναρριπτεῖν
1149 1975 1211 2038 (1161
1223 1975 1262 2038 (16
1274 1993 1321 2057 66,

206 2089 263 2170 qui
283 2088 462 2172 pericnlum
485 2086 579 2171 subit,
601 2107 667 2152 non
689 2106 766 2152 uero
788 2087 827 2153 de
850 2106 914 2171 spe,
938 2107 1020 2171 quae
1039 2087 1322 2171 periculumoreat.

205 2200 286 2265 Mihi
309 2220 384 2267 uero
407 2200 556 2266 omnibus
580 2203 639 2266 rite
662 2205 827 2286 perpensis
847 2201 975 2267 uidetur
992 2200 1186 2283 Thucydidis
1206 2220 1321 2264 manus

206 2319 254 2381 sio
277 2335 347 2381 esse
365 2316 576 2381 restituenda:
598 2321 656 2387 ναῖς
675 2314 734 2387 δ’ἐς
753 2314 847 2387 αὐτὴν
866 2313 907 2378 να
927 2312 1100 2395 ὑπάρχοντα
1111 2316 1322 2395 ἀναρριπτοῦσι.

207 2429 269 2494 011.
294 2432 323 2513 1,
346 2431 418 2514 144,
442 2432 464 2493 4
485 2428 568 2493 ἄλλα
590 2428 640 2493 καὶ
661 2427 702 2493 να
725 2427 897 2509 ὑπάρχοντα
922 2427 1096 2501 ἐκλιπόντες.
1120 2428 1320 2511 Thucydides

207 2545 295 2628 haec,
324 2544 426 2628 oredo,
459 2544 562 2608 dicere
592 2543 712 2608 noluit:
744 2542 782 2606 ab
812 2545 853 2608 iis
883 2547 998 2626 autem,
1022 2544 1079 2626 qui
1102 2543 1170 2627 spei
1193 2543 1323 2606 omnino

208 2658 315 2741 dediti,
345 2659 452 2722 omnia
483 2676 565 2742 quae
594 2656 710 2722 habent
734 2657 810 2721 dant
832 2658 866 2720 in
890 2657 991 2721 aleam
1016 2691 1058 2703 -
1081 2656 1214 2740 prodiga
1236 2657 1323 2720 enim

211 2778 259 2838 est
293 2775 407 2836 natura
441 2808 483 2817 —
518 2771 651 2835 simulac
683 2771 824 2854 grauiter
857 2769 980 2854 decepti
1012 2769 1093 2854 lapsi
1116 2774 1200 2852 sunt,
1223 2770 1327 2853 qualis

209 2905 322 2952 reuera
352 2890 400 2950 est
429 2884 502 2948 talis
532 2884 740 2968 cognoscitur.
767 2882 839 2947 Hoc
861 2902 927 2946 non
949 2883 1216 2968 praetereundum
1238 2883 1328 2947 uide·

210 3007 279 3081 tur3
293 3019 366 3064 cum
377 2995 556 3078 παραμύθιον
570 2997 668 3082 uulgo
680 2999 832 3081 iungatur
843 2998 986 3081 genitiuo
999 2998 1088 3062 casui
1101 3034 1142 3043 —
1157 2996 1218 3061 Ofr.
1231 2995 1327 3082 Soph.

211 3113 312 3178 Elect.
336 3112 407 3174 126.
431 3110 510 3174 Ρ161.
533 3110 613 3194 legg.
639 3111 689 3192 11,
709 3111 772 3174 885
788 3110 825 3173 B.
850 3111 879 3192 1,
892 3109 955 3172 632
965 3109 1002 3173 Β.
1014 3110 1153 3191 Enthyd.
1166 3111 1230 3172 272
1243 3109 1271 3174 Β
1285 3146 1325 3156 -

212 3228 294 3292 forte
317 3231 362 3292 sio
383 3227 553 3310 legendum
576 3229 639 3290 est:
665 3222 797 3288 κινδύνων
820 3222 1008 3305 παραμύθιον.

259 3342 401 3408 Eandem
437 3352 532 3425 quam
565 3339 744 3420 ἀναρριπτεῖν
778 3341 844 3403 uim
880 3338 996 3404 habere
1028 3337 1274 3419 παραβάλλεσθαι(
1298 3345 1329 3404 61

214 3454 418 3537 παρατίθεσθαν
452 3473 494 3519 ex
528 3453 637 3518 multis
671 3453 748 3517 locis
782 3452 963 3518 Homericis
1001 3452 1127 3518 abunde
1161 3458 1254 3538 patet.
1285 3455 1330 3517 At

214 3570 375 3636 Homerus
398 3573 588 3634 tesserarum
611 3567 724 3631 ludum
748 3585 813 3630 non
836 3568 967 3631 nouisse
986 3568 1122 3650 uidetur,
1141 3569 1233 3631 nouit
1252 3568 1330 3630 talo·

215 3703 298 3748 rum.
325 3683 362 3746 Il.
385 3684 437 3765 23,
460 3683 511 3745 88.
536 3679 596 3744 011.
618 3680 654 3743 Il.
680 3681 709 3762 9,
733 3681 805 3743 322.
830 3677 886 3744 Ο(1.
911 3681 1020 3763 3,14;
1047 3682 1075 3763 2,
1098 3681 1179 3761 237;
1206 3682 1234 3764 9,
1258 3681 1332 3742 255.

215 3796 339 3881 Tragici
362 3798 457 3860 etiam
480 3795 540 3858 hoo
562 3792 662 3858 uerbo
688 3795 735 3857 sio
758 3795 886 3876 saepius
909 3795 961 3856 usi
984 3797 1068 3857 sunt.

259 3911 390 3995 Proprie
411 3911 509 3994 igitur
530 3908 611 3971 hanc
634 3909 702 3971 uim
725 3906 857 3971 habent:
882 3909 916 3971 in
938 3908 1071 3990 alneolo,
1094 3909 1128 3970 in
1153 3928 1217 3992 qno
1230 3912 1333 3973 tesse-

216 4026 261 4090 ris
291 4024 421 4106 luditur,
451 4041 567 4107 ponere
596 4021 734 4104 ahquid3
762 4022 837 4086 inde
858 4022 955 4086 latius
977 4027 1083 4106 patere
1108 4028 1280 4107 coeperunt
1303 4028 1334 4088 61

216 4157 348 4224 prorsus
370 4137 454 4202 idem
478 4155 547 4201 esse
570 4139 665 4219 atque
687 4137 721 4199 in
745 4136 922 4219 periculum
945 4135 1108 4200 adducere.
1132 4137 1229 4220 Apud
1249 4135 1333 4201 Thu·

217 4254 365 4336 cydidem
394 4254 512 4338 legitur
543 4254 571 4335 l,
605 4251 667 4315 133
698 4251 735 4320 ὦς
765 4249 845 4314 οὐδὲν
868 4248 986 4314 πώποτε
1013 4250 1099 4314 αὐτὸν
1123 4251 1151 4313 ἐν
1175 4255 1243 4322 ταῖς
1266 4249 1335 4329 πρὸς

215 4366 347 4446 βασιλέα
386 4363 540 4438 dicacatur
572 4361 784 4446 repudiatione.
820 4363 864 4428 At
897 4363 949 4428 hic
985 4368 1104 4448 quanta
1137 4383 1246 4450 pugna
1280 4361 1330 4430 681
