3038 4980
737 482 778 546 79

198 672 329 754 cydides
363 671 468 735 dicere
497 670 602 734 noluit
631 668 801 732 reclamant
831 669 1006 734 sententiae
1036 653 1130 752 quam
1157 670 1311 753 praebent

200 786 298 850 uerba
328 784 452 867 tradita,
484 787 520 847 ut
550 780 655 846 cuiuis
687 785 781 866 caput
804 782 951 866 proxime
973 783 1164 866 praecedens
1186 783 1305 868 legenti

199 900 276 963 satis
310 899 481 982 apparebit.
516 895 550 961 Si
582 901 741 980 praeterea
772 897 907 980 scriptor
936 896 1043 960 dicere
1072 897 1231 962 uoluisset
1254 917 1308 962 eos

200 1012 381 1077 Siculorum
415 1012 508 1095 graui
542 1015 720 1075 armaturae
753 1029 844 1094 pares
878 1029 948 1075 esse
981 1030 1046 1074 non
1077 1030 1178 1095 posse,
1209 1013 1311 1096 capite

202 1126 288 1210 quod
321 1126 464 1189 indicaui
497 1144 556 1189 suo
586 1125 655 1188 loco
685 1125 763 1188 haec
786 1124 870 1188 dicta
893 1124 1005 1208 forent,
1029 1144 1102 1189 oum
1124 1127 1311 1209 praesertim

202 1241 305 1324 capite
338 1240 496 1323 nigesimo
532 1238 571 1302 ad
603 1237 700 1302 finem
733 1242 883 1321 uergente
914 1239 977 1302 sibi
1008 1238 1179 1303 dicendum
1204 1240 1310 1304 credat

203 1353 329 1417 Siculos
352 1354 497 1436 equitatu
521 1352 621 1416 multo
645 1370 714 1416 esse
737 1351 927 1434 superiores,
950 1350 984 1415 Si
1007 1352 1084 1416 hacc
1103 1353 1227 1436 integra
1247 1372 1312 1417 ser·

204 1486 290 1550 nare,
313 1468 360 1531 sic
380 1465 490 1531 Nicias
513 1465 730 1548 ratiocinatur,
751 1466 818 1530 illis
844 1464 939 1549 potiri
962 1467 1123 1550 uolumus,
1147 1467 1212 1550 ipsi
1236 1467 1312 1530 hinc

204 1581 394 1665 nauigantes
427 1599 491 1643 non
526 1580 629 1644 solum
663 1579 756 1662 graui
790 1598 900 1643 eorum
932 1585 1113 1645 armaturae
1135 1583 1235 1663 pares,
1258 1581 1314 1644 sed

203 1696 299 1759 etiam
323 1695 474 1758 omnibus
496 1694 569 1758 aliis
591 1693 688 1758 rebus
712 1695 891 1778 superiores
909 1712 968 1758 nos
987 1695 1090 1758 simus
1109 1713 1239 1759 necesso
1258 1698 1313 1759 cst.

205 1805 294 1883 Quae
323 1809 498 1891 requiritur
527 1808 684 1872 sententia
715 1813 751 1872 ut
777 1809 857 1891 ipsis
882 1808 991 1872 uerbis
1014 1808 1138 1891 legatur
1160 1827 1224 1872 non
1248 1809 1314 1872 nisi

204 1941 305 2004 parua
339 1940 420 2004 opus
453 1925 502 1985 est
534 1921 731 1985 mutatione:
760 1941 816 2005 pro
846 1919 924 1993 πλὴν
949 1922 1074 2006 legatur
1096 1919 1149 1992 τὴν
1173 1925 1209 1985 ut
1233 1922 1314 1985 obti-

204 2055 339 2100 neamus
369 2036 463 2098 haec:
496 2032 573 2098 Ἐάν
603 2033 659 2115 γάρ
689 2033 774 2098 αὐτοὶ
804 2031 932 2112 ἔλθωμεν
956 2032 1062 2098 ἐνθένδε
1085 2034 1127 2112 μὴ
1151 2033 1313 2098 άνπίπαλον

204 2145 290 2226 μόνον
321 2146 505 2228 παρασκευὴν
539 2145 843 2228 παρασκευασάμενοι,
878 2147 931 2221 πάν
963 2172 999 2226 γε
1028 2147 1096 2228 πρὸς
1118 2148 1151 2212 τὸ
1175 2145 1314 2226 μάχιμον

204 2261 299 2325 αὐτῶν
328 2261 361 2326 πά
389 2259 542 2334 inaratae,
564 2259 648 2324 άλλά
678 2258 729 2325 καὶ
753 2257 984 2338 ὑπερβάλλοντες
1008 2265 1314 2340 refectiuncula

249 2376 381 2461 Legitur
412 2379 442 2460 2,
473 2378 524 2459 35,
555 2378 574 2439 2
601 2375 641 2454 πῷ
664 2374 690 2438 δ’
714 2372 927 2456 ὑπερβάλλοντι
950 2375 1045 2438 αὐτῶν
1068 2374 1236 2456 Φάονοῦνπερ
1259 2372 1312 2448 ἤδη

205 2488 258 2554 καὶ
281 2491 462 2563 άπισποῡσον,
486 2491 544 2555 ubi
568 2508 644 2554 uero
667 2508 718 2553 res
741 2494 984 2574 exaggerantur,
1004 2489 1149 2554 homines
1169 2490 1317 2554 inuident

206 2610 237 2668 et
266 2604 361 2668 fidem
391 2623 455 2668 non
480 2604 604 2668 habent.
629 2602 689 2667 Ofr.
713 2603 788 2669 Sall.
813 2602 877 2667 Cat.
902 2605 930 2686 3,
955 2605 973 2665 2
999 2602 1037 2667 de
1060 2603 1175 2667 iisdem
1198 2622 1313 2687 agens:

206 2738 303 2802 supra
333 2737 370 2783 ea
399 2718 489 2782 uelut
518 2717 592 2781 ficta
619 2716 788 2801 profulsis
813 2717 910 2781 ducit.
935 2716 996 2780 Ofr.
1021 2718 1125 2800 2,45,
1151 2718 1185 2798 l;
1213 2717 1241 2800 6,
1266 2716 1317 2794 67,

205 2833 244 2912 4,
276 2832 306 2915 8,
339 2830 389 2914 56,
412 2832 450 2911 43
476 2832 504 2913 8,
528 2831 579 2913 81,
603 2829 793 2910 231socrat.
819 2831 868 2904 12,
893 2831 933 2893 36
959 2836 990 2894 et
1012 2830 1117 2914 lepida
1140 2831 1196 2893 illa
1219 2836 1315 2895 meta-

205 2945 304 3029 phora
326 2944 435 3028 Eurip.
459 2944 527 3007 Alc.
553 2945 570 3006 7
576 2945 625 3007 95.

363 3531 382 3612 ἓ
407 3531 456 3593 13.
484 3527 717 3593 Trousloticoes
738 3548 760 3591 c
781 3527 836 3592 uia
858 3531 887 3591 et
909 3526 1020 3590 itinere
1036 3526 1166 3616 petitae,

253 3741 391 3807 Naturae
413 3742 467 3805 lex
489 3743 595 3804 estut
619 3740 675 3803 ubi
699 3742 747 3803 est
769 3739 816 3802 ibi
840 3741 1011 3822 quaeratur
1034 3738 1119 3822 quod
1141 3737 1259 3819 cuique
1279 3735 1319 3799 ad

207 3859 310 3923 uitam
330 3861 378 3921 est
398 3856 622 3920 necessarium.
644 3852 853 3930 Quaerentem
872 3854 980 3936 itaquo
992 3854 1039 3916 nil
1050 3853 1198 3937 impedit,
1211 3854 1319 3935 patent

207 3973 282 4038 uiae
304 3974 400 4054 atque
422 3969 567 4051 flumina,
591 3968 698 4032 omnia
721 3967 820 4030 maria
844 3967 951 4031 cuiuis
971 3971 1048 4030 sunt
1067 3963 1334 4050 peruiaMultae·

204 4084 429 4150 translationes
452 4082 528 4146 inde
550 4085 642 4145 natae
665 4084 749 4145 sunt.

251 4197 447 4262 Praecedant
470 4214 552 4279 quae
574 4195 726 4279 leguntur
750 4194 778 4276 7,
803 4192 854 4276 67,
878 4194 905 4256 2.
930 4190 1018 4268 Quae
1041 4193 1077 4255 in
1097 4196 1180 4256 terra
1200 4191 1319 4275 degunt

208 4312 360 4377 animalia
391 4311 545 4375 dicuntur
569 4309 746 4374 terrestria:
771 4312 910 4392 χερσαῖα,
934 4308 1054 4390 quibus
1080 4307 1225 4390 opposita
1247 4308 1323 4370 sunt
