3038 4980
826 470 868 534 48

306 656 434 740 quidam
472 656 511 720 ad
544 656 680 741 rigidam
714 657 906 722 exclamauit
938 653 980 721 ἔτι
1015 655 1169 721 arccana
1202 657 1291 722 κνοκὸν
1325 660 1361 738 (i.
1385 678 1412 725 e.

303 768 415 834 foedus
450 770 479 853 5,
513 769 564 854 60,
596 769 627 848 l)
656 770 736 850 κοινῷ
766 769 862 833 idaiae
895 808 934 816 —
955 771 1083 835 malum
1106 772 1190 836 malo
1213 792 1326 837 sanare
1352 796 1414 855 —;

305 901 388 965 quae
421 881 525 960 uerba,
560 883 679 967 opinor,
712 883 915 968 prouerbium
948 889 1071 968 sonant,
1101 886 1205 969 iisque
1236 905 1329 971 saepe
1363 887 1415 950 usi

304 999 381 1060 sunt
413 995 591 1080 complures
622 1000 653 1060 et
682 998 849 1081 scriptores
882 1001 913 1062 et
936 1001 1053 1081 poetae.
1078 997 1130 1062 Sic
1153 997 1271 1065 Herod.
1297 1001 1326 1083 3,
1353 1000 1412 1080 53;

303 1109 450 1191 Aeschyl.
483 1109 594 1194 fragm.
625 1111 689 1173 339
718 1109 871 1192 Nauckii3
903 1110 995 1196 Soph.
1027 1111 1104 1196 frag.
1128 1114 1168 1176 75
1193 1112 1359 1196 (Stobaeus
1383 1116 1413 1198 4,

305 1224 366 1305 37).
395 1222 576 1308 Paucisque
598 1225 729 1289 mutatis
751 1223 842 1289 Plato
865 1224 950 1289 Prot.
974 1226 1037 1290 340
1060 1223 1090 1289 D
1114 1224 1230 1304 ἰώμενος
1254 1225 1357 1307 μεῖζον
1379 1226 1411 1290 τὸ

304 1333 419 1415 adaunot
441 1340 517 1402 ποιῶ.
539 1338 632 1423 Soph.
655 1339 744 1402 Aiac.
768 1339 831 1402 362
855 1336 898 1416 μὴ
921 1337 1009 1403 κνικὸν
1029 1338 1221 1420 candidule
1241 1337 1311 1413 ἄκος
1323 1339 1411 1405 πλέον

304 1450 336 1515 τὸ
358 1459 448 1529 abac
471 1458 525 1526 τῆς
545 1449 620 1526 ἄνις
641 1450 716 1516 τίθει.
739 1453 819 1538 Agis
844 1472 917 1517 cum
941 1454 1027 1537 quod
1050 1453 1112 1519 sibi
1135 1456 1262 1518 crimini
1283 1456 1412 1520 daretur

304 1586 416 1632 sanare
438 1568 534 1633 uellet
556 1568 765 1652 periculosam
788 1569 1021 1653 ancipitemque
1044 1570 1240 1634 curationem
1264 1569 1414 1634 adhibere

303 1680 480 1746 uidebatur.
505 1685 534 1765 5,
556 1681 608 1766 63,
633 1683 652 1745 3
676 1683 747 1746 aliis
765 1681 872 1747 uerbis
892 1682 1088 1767 significatur
1107 1679 1295 1764 idemztpyp
1308 1680 1411 1763 ἀνοιθῷ

302 1793 433 1876 illocales
454 1794 510 1868 τὰς
533 1793 638 1870 ciriae,
663 1796 748 1880 quod
770 1816 847 1862 uero
866 1795 1001 1862 uerbum
1019 1793 1151 1876 ῥύσεσθνιι
1164 1798 1294 1882 quidam
1307 1799 1413 1883 suspi-

304 1914 417 1974 cantur
439 1930 504 1974 non
527 1929 597 1975 esse
618 1909 868 1992 Thucydideum.

348 2024 387 2087 In
418 2024 609 2109 praefatione
634 2026 697 2089 iam
721 2025 862 2090 uidimus
883 2025 1088 2090 translatione
1112 2025 1203 2090 uerbi
1226 2031 1323 2111 νοσεῖν,
1348 2047 1413 2111 qua

303 2140 400 2203 ceteri
434 2139 656 2222 cuiuscunque
687 2140 813 2223 generis
847 2140 1014 2224 scriptores
1048 2144 1113 2204 tam
1146 2139 1331 2225 frequenter
1360 2143 1411 2206 usi

303 2257 388 2335 sunt,
422 2272 487 2317 non
517 2273 612 2318 usum
648 2272 717 2318 esse
747 2252 971 2334 Thucydidem.
993 2252 1067 2317 Non
1090 2255 1174 2318 enim
1198 2255 1412 2338 metaphorice

303 2373 379 2432 sunt
408 2369 491 2432 dicta
520 2368 570 2433 his
597 2388 679 2452 quae
700 2367 808 2433 uerbis
831 2368 1050 2433 continentur:
1074 2364 1269 2447 οέκμνιζούννς
1293 2364 1335 2431 ἔτι
1358 2374 1411 2442 τῆς

301 2478 411 2553 πόλεως
439 2477 491 2544 nal
521 2477 597 2544 οὔπω
628 2480 815 2555 νενοσνκνίνος.
848 2480 1016 2546 Summum
1042 2481 1103 2544 hoc
1126 2480 1188 2545 dici
1209 2485 1313 2566 potest
1336 2501 1410 2545 con-

301 2595 497 2659 iunctionem
520 2594 692 2660 uerborum
715 2592 860 2675 οὶκμνέζειν
883 2599 913 2659 et
935 2600 1025 2658 νοσεῖν
1048 2596 1124 2660 satis
1148 2613 1218 2661 esse
1239 2595 1410 2679 insolitam,

301 2707 382 2773 illud
412 2727 483 2773 cum
516 2709 668 2773 translate
693 2710 753 2773 hoc
775 2728 852 2773 uero
874 2710 999 2794 proprie
1021 2710 1062 2773 sit
1085 2709 1215 2773 dictum.
1238 2707 1301 2773 Hic
1326 2710 1410 2773 enim

302 2821 471 2887 uerborum
502 2826 549 2888 est
580 2842 707 2887 sensus:
743 2824 829 2907 qnod
859 2822 1037 2908 respublica
1060 2823 1164 2888 adhuc
1186 2822 1314 2888 floreret
1338 2843 1411 2889 neo·
1510 2874 1513 2879 .

301 2936 375 3000 dum
400 2935 509 3001 morbo
532 2934 707 3001 laborasset
730 2938 760 3019 2,
783 2937 834 3020 31,
858 2938 886 3000 2.

344 3050 388 3114 At
412 3050 604 3115 uocabulum
627 3048 752 3136 νόννμκ,
770 3052 814 3116 ita
832 3052 910 3116 milri
930 3052 982 3116 uir
1002 3051 1114 3116 doctus
1133 3049 1259 3116 Coenon
1280 3051 1410 3136 obloqui

300 3142 442 3248 conatur,
464 3165 644 3247 Thucydidi
666 3167 866 3230 translationi
888 3166 994 3230 locum
1019 3165 1113 3231 dedit.
1137 3166 1236 3250 Apud
1255 3167 1410 3251 pedestris

302 3297 429 3363 quoque
459 3281 610 3344 orationis
633 3256 800 3365 scriptores
825 3318 865 3327 -
889 3284 964 3344 sunt
987 3281 1056 3344 eius
1079 3279 1178 3345 uerba
1200 3317 1240 3326 —
1265 3281 1411 3365 exempla

300 3393 398 3474 quius
430 3392 646 3457 translationis
678 3398 864 3459 occurrunt:
890 3392 970 3457 Plal.
993 3392 1066 3478 Leg.
1088 3392 1131 3476 X,
1155 3392 1217 3457 906
1240 3392 1269 3455 ἕν
1293 3393 1411 3471 σώμασι

301 3501 478 3582 καλούμενον
501 3502 615 3584 adauae
634 3506 662 3570 ἕν
682 3503 848 3571 liudberto
868 3504 991 3571 νἰδικίοιν.
1013 3506 1107 3592 Gorg.
1120 3507 1224 3571 48οΒ
1243 3507 1275 3572 τὸ
1295 3505 1410 3586 νόσημα

301 3623 353 3691 τῆς
384 3616 507 3692 ἀδικίαις.
539 3618 599 3684 cfr.
629 3620 726 3687 Thuc.
755 3619 798 3705 H,
830 3623 871 3685 53
903 3618 1027 3699 ἀνομίας
1057 3619 1172 3698 νόσκμοο
1183 3620 1218 3706 ¹).
1248 3620 1311 3687 Sed
1333 3623 1411 3687 haec

302 3733 358 3814 qui
387 3733 463 3818 legit
487 3735 589 3818 primo
614 3735 770 3799 somniare
793 3754 828 3800 se
850 3735 949 3799 credit
971 3739 1040 3799 tum
1064 3754 1255 3820 magnopere
1277 3737 1413 3801 miratur

300 3847 434 3912 cornicis
458 3847 565 3913 oculos
589 3848 666 3913 adeo
690 3867 759 3913 esse
783 3848 942 3914 confictos.

343 3962 411 4027 Aut
433 3965 500 4048 ipse
525 3964 593 4028 suis
617 3964 697 4028 male
721 3968 777 4029 aut
799 3965 935 4028 aliorum
958 3964 1039 4028 uidit
1062 3962 1162 4027 oculis
1180 3963 1218 4046 is,
1231 3963 1288 4046 qui
1307 3968 1411 4027 cetera

303 4129 447 4140 ——-

332 4233 361 4301 1)
379 4235 406 4286 F.
423 4234 455 4287 ll.
471 4234 580 4303 Coenen,
594 4235 697 4286 Dissert.
714 4234 827 4287 literaria
843 4235 874 4287 de
888 4234 1127 4300 eomparauonibus
1141 4241 1167 4287 et
1175 4235 1332 4302 metaphoris
1341 4237 1409 4302 apud

300 4325 397 4378 Atticos
413 4326 564 4393 praesertim
582 4332 668 4393 poetas
684 4341 739 4393 pag.
756 4325 814 4380 111.
