<?xml version="1.0" encoding="UTF-8"?>
<!DOCTYPE html PUBLIC "-//W3C//DTD XHTML 1.0 Transitional//EN"
    "http://www.w3.org/TR/xhtml1/DTD/xhtml1-transitional.dtd">
<html xmlns="http://www.w3.org/1999/xhtml" xml:lang="en" lang="en">
 <head>
  <title>
</title>
<meta http-equiv="Content-Type" content="text/html;charset=utf-8" />
  <meta name='ocr-system' content='tesseract 3.04.00' />
  <meta name='ocr-capabilities' content='ocr_page ocr_carea ocr_par ocr_line ocrx_word'/>
</head>
<body>
  <div class='ocr_page' id='page_1' title='image "./detranslationib00corsgoog_0067.png"; bbox 0 0 3038 4980; ppageno 0'>
   <div class='ocr_carea' id='block_1_1' title="bbox 740 501 780 563">
    <p class='ocr_par' dir='ltr' id='par_1_1' title="bbox 740 501 780 563">
     <span class='ocr_line' id='line_1_1' title="bbox 740 501 780 563; baseline 0.025 -1"><span class='ocrx_word' id='word_1_1' title='bbox 740 501 780 563; x_wconf 83' lang='lat'>52</span> 
     </span>
    </p>
   </div>
   <div class='ocr_carea' id='block_1_2' title="bbox 68 686 1367 4425">
    <p class='ocr_par' dir='ltr' id='par_1_2' title="bbox 198 686 1367 1335">
     <span class='ocr_line' id='line_1_2' title="bbox 198 686 1317 770; baseline 0.001 -18"><span class='ocrx_word' id='word_1_2' title='bbox 198 687 414 770; x_wconf 82' lang='lat' dir='ltr'><strong>Thucydidem</strong></span> <span class='ocrx_word' id='word_1_3' title='bbox 441 688 593 753; x_wconf 89' lang='lat' dir='ltr'>occurrit:</span> <span class='ocrx_word' id='word_1_4' title='bbox 619 688 652 750; x_wconf 93' lang='lat' dir='ltr'>in</span> <span class='ocrx_word' id='word_1_5' title='bbox 676 686 806 750; x_wconf 90' lang='lat' dir='ltr'>modum</span> <span class='ocrx_word' id='word_1_6' title='bbox 832 688 1009 770; x_wconf 84' lang='lat' dir='ltr'>tegumenti</span> <span class='ocrx_word' id='word_1_7' title='bbox 1031 687 1085 751; x_wconf 91' lang='lat' dir='ltr'>uel</span> <span class='ocrx_word' id='word_1_8' title='bbox 1107 690 1232 752; x_wconf 81' lang='lat' dir='ltr'>storeae</span> <span class='ocrx_word' id='word_1_9' title='bbox 1250 693 1317 753; x_wconf 87' lang='lat' dir='ltr'>tox-</span> 
     </span>
     <span class='ocr_line' id='line_1_3' title="bbox 199 797 1367 886; baseline -0.001 -19"><span class='ocrx_word' id='word_1_10' title='bbox 199 807 278 886; x_wconf 92' lang='lat' dir='ltr'>tum,</span> <span class='ocrx_word' id='word_1_11' title='bbox 308 804 365 867; x_wconf 86' lang='lat' dir='ltr'>ie.</span> <span class='ocrx_word' id='word_1_12' title='bbox 388 801 580 866; x_wconf 84' lang='lat' dir='ltr'>decussatim</span> <span class='ocrx_word' id='word_1_13' title='bbox 603 802 673 865; x_wconf 92' lang='lat' dir='ltr'>siue</span> <span class='ocrx_word' id='word_1_14' title='bbox 696 799 871 864; x_wconf 88' lang='lat' dir='ltr'>tabulatim.</span> <span class='ocrx_word' id='word_1_15' title='bbox 895 798 957 864; x_wconf 84' lang='lat' dir='ltr'>Gfr.</span> <span class='ocrx_word' id='word_1_16' title='bbox 980 802 1011 884; x_wconf 90' lang='lat'>2,</span> <span class='ocrx_word' id='word_1_17' title='bbox 1036 801 1088 885; x_wconf 98' lang='grc'>75,</span> <span class='ocrx_word' id='word_1_18' title='bbox 1113 805 1133 864; x_wconf 89' lang='grc'><strong>2</strong></span> <span class='ocrx_word' id='word_1_19' title='bbox 1157 797 1318 875; x_wconf 56' lang='lat' dir='ltr'>idae...</span> <span class='ocrx_word' id='word_1_20' title='bbox 1364 878 1367 884; x_wconf 21' lang='grc' dir='ltr'>Ι</span> 
     </span>
     <span class='ocr_line' id='line_1_4' title="bbox 198 912 1315 999; baseline 0.002 -19"><span class='ocrx_word' id='word_1_21' title='bbox 198 915 347 998; x_wconf 75' lang='grc' dir='ltr'><em>φορμνδὸν</em></span> <span class='ocrx_word' id='word_1_22' title='bbox 368 917 433 979; x_wconf 84' lang='grc' dir='ltr'><em>άντι</em></span> <span class='ocrx_word' id='word_1_23' title='bbox 456 913 565 994; x_wconf 79' lang='grc' dir='ltr'><em>τοίχων</em></span> <span class='ocrx_word' id='word_1_24' title='bbox 587 912 720 998; x_wconf 76' lang='grc' dir='ltr'><em>τιθέντες,</em></span> <span class='ocrx_word' id='word_1_25' title='bbox 741 915 828 999; x_wconf 85' lang='lat' dir='ltr'>ligna</span> <span class='ocrx_word' id='word_1_26' title='bbox 848 918 1022 979; x_wconf 88' lang='lat' dir='ltr'>storearum</span> <span class='ocrx_word' id='word_1_27' title='bbox 1034 916 1135 981; x_wconf 91' lang='lat' dir='ltr'>instar</span> <span class='ocrx_word' id='word_1_28' title='bbox 1147 936 1315 982; x_wconf 88' lang='lat' dir='ltr'>murorum</span> 
     </span>
     <span class='ocr_line' id='line_1_5' title="bbox 200 1026 1317 1112; baseline 0.002 -19"><span class='ocrx_word' id='word_1_29' title='bbox 200 1030 271 1095; x_wconf 91' lang='lat' dir='ltr'>loco</span> <span class='ocrx_word' id='word_1_30' title='bbox 308 1030 506 1095; x_wconf 87' lang='lat' dir='ltr'>collocantes.</span> <span class='ocrx_word' id='word_1_31' title='bbox 537 1031 567 1112; x_wconf 92' lang='lat'>4,</span> <span class='ocrx_word' id='word_1_32' title='bbox 598 1030 652 1112; x_wconf 91' lang='lat'>48,</span> <span class='ocrx_word' id='word_1_33' title='bbox 681 1030 702 1091; x_wconf 99' lang='lat'>4</span> <span class='ocrx_word' id='word_1_34' title='bbox 733 1026 856 1100; x_wconf 71' lang='grc' dir='ltr'><em>αὐτοὺς.</em></span> <span class='ocrx_word' id='word_1_35' title='bbox 871 1077 877 1092; x_wconf 94' lang='grc'><strong>.</strong></span> <span class='ocrx_word' id='word_1_36' title='bbox 892 1077 919 1093; x_wconf 89' lang='grc'>..</span> <span class='ocrx_word' id='word_1_37' title='bbox 942 1028 1091 1110; x_wconf 68' lang='lat' dir='ltr'>&lt;poppedio</span> <span class='ocrx_word' id='word_1_38' title='bbox 1114 1030 1165 1112; x_wconf 83' lang='grc' dir='ltr'>ἐφ’</span> <span class='ocrx_word' id='word_1_39' title='bbox 1189 1027 1317 1108; x_wconf 80' lang='grc' dir='ltr'><em>άμάξνις</em></span> 
     </span>
     <span class='ocr_line' id='line_1_6' title="bbox 200 1140 1319 1225; baseline 0.004 -19"><span class='ocrx_word' id='word_1_40' title='bbox 200 1140 414 1225; x_wconf 66' lang='grc' dir='ltr'><em>ἐπιβαλόντες,</em></span> <span class='ocrx_word' id='word_1_41' title='bbox 450 1142 506 1207; x_wconf 91' lang='lat' dir='ltr'>ubi</span> <span class='ocrx_word' id='word_1_42' title='bbox 540 1143 708 1206; x_wconf 79' lang='lat' dir='ltr'>scholiasta</span> <span class='ocrx_word' id='word_1_43' title='bbox 742 1147 888 1207; x_wconf 86' lang='lat' dir='ltr'>annotat:</span> <span class='ocrx_word' id='word_1_44' title='bbox 923 1141 992 1216; x_wconf 84' lang='grc' dir='ltr'><em>τοὺς</em></span> <span class='ocrx_word' id='word_1_45' title='bbox 1027 1143 1082 1222; x_wconf 81' lang='grc' dir='ltr'>μὲν</span> <span class='ocrx_word' id='word_1_46' title='bbox 1112 1143 1196 1208; x_wconf 84' lang='grc' dir='ltr'><em>κοιτά</em></span> <span class='ocrx_word' id='word_1_47' title='bbox 1225 1151 1319 1224; x_wconf 78' lang='grc' dir='ltr'><em>μῆκος</em></span> 
     </span>
     <span class='ocr_line' id='line_1_7' title="bbox 202 1253 1040 1335; baseline -0.001 -13"><span class='ocrx_word' id='word_1_48' title='bbox 202 1259 297 1323; x_wconf 73' lang='grc' dir='ltr'><em>αὐτῶν</em></span> <span class='ocrx_word' id='word_1_49' title='bbox 321 1257 454 1331; x_wconf 74' lang='grc' dir='ltr'><em>τιθέντες,</em></span> <span class='ocrx_word' id='word_1_50' title='bbox 478 1255 586 1330; x_wconf 86' lang='grc' dir='ltr'><em>άλλοιις</em></span> <span class='ocrx_word' id='word_1_51' title='bbox 610 1256 641 1320; x_wconf 76' lang='grc' dir='ltr'>δὲ</span> <span class='ocrx_word' id='word_1_52' title='bbox 664 1255 798 1334; x_wconf 70' lang='grc' dir='ltr'><em>πλάνέιος</em></span> <span class='ocrx_word' id='word_1_53' title='bbox 820 1253 1040 1335; x_wconf 77' lang='grc' dir='ltr'><em>ἐπιβάλλοντες.</em></span> 
     </span>
    </p>

    <p class='ocr_par' dir='ltr' id='par_1_3' title="bbox 201 1370 1320 2029">
     <span class='ocr_line' id='line_1_8' title="bbox 245 1370 1318 1458; baseline 0 -20"><span class='ocrx_word' id='word_1_54' title='bbox 245 1373 359 1458; x_wconf 82' lang='lat' dir='ltr'>Saepe</span> <span class='ocrx_word' id='word_1_55' title='bbox 380 1373 467 1457; x_wconf 90' lang='lat' dir='ltr'>qnod</span> <span class='ocrx_word' id='word_1_56' title='bbox 501 1376 625 1437; x_wconf 87' lang='lat' dir='ltr'>textum</span> <span class='ocrx_word' id='word_1_57' title='bbox 659 1370 720 1434; x_wconf 87' lang='lat' dir='ltr'>fuit</span> <span class='ocrx_word' id='word_1_58' title='bbox 756 1371 951 1436; x_wconf 89' lang='lat' dir='ltr'>dissoluitur.</span> <span class='ocrx_word' id='word_1_59' title='bbox 985 1372 1066 1437; x_wconf 90' lang='lat' dir='ltr'>Inde</span> <span class='ocrx_word' id='word_1_60' title='bbox 1094 1373 1318 1440; x_wconf 88' lang='lat' dir='ltr'>huiuscemodi</span> 
     </span>
     <span class='ocr_line' id='line_1_9' title="bbox 201 1483 1320 1574; baseline -0.002 -21"><span class='ocrx_word' id='word_1_61' title='bbox 201 1488 359 1574; x_wconf 89' lang='lat' dir='ltr'>profectae</span> <span class='ocrx_word' id='word_1_62' title='bbox 388 1493 465 1552; x_wconf 91' lang='lat' dir='ltr'>sunt</span> <span class='ocrx_word' id='word_1_63' title='bbox 494 1487 732 1551; x_wconf 82' lang='lat' dir='ltr'>translationes:</span> <span class='ocrx_word' id='word_1_64' title='bbox 757 1483 845 1550; x_wconf 85' lang='grc' dir='ltr'><em>Αάειν</em></span> <span class='ocrx_word' id='word_1_65' title='bbox 869 1483 1003 1568; x_wconf 68' lang='grc' dir='ltr'><em>γέφυράν</em></span> <span class='ocrx_word' id='word_1_66' title='bbox 1027 1487 1056 1571; x_wconf 97' lang='grc'>6,</span> <span class='ocrx_word' id='word_1_67' title='bbox 1081 1487 1135 1571; x_wconf 88' lang='grc'>66,</span> <span class='ocrx_word' id='word_1_68' title='bbox 1158 1490 1178 1551; x_wconf 87' lang='grc'>2</span> <span class='ocrx_word' id='word_1_69' title='bbox 1203 1491 1320 1554; x_wconf 92' lang='lat' dir='ltr'>rescin-</span> 
     </span>
     <span class='ocr_line' id='line_1_10' title="bbox 203 1600 1320 1686; baseline 0 -20"><span class='ocrx_word' id='word_1_70' title='bbox 203 1602 276 1667; x_wconf 89' lang='lat' dir='ltr'>dere</span> <span class='ocrx_word' id='word_1_71' title='bbox 299 1602 390 1686; x_wconf 85' lang='lat' dir='ltr'>quod</span> <span class='ocrx_word' id='word_1_72' title='bbox 407 1606 456 1666; x_wconf 93' lang='lat' dir='ltr'>est</span> <span class='ocrx_word' id='word_1_73' title='bbox 479 1603 696 1683; x_wconf 90' lang='lat' dir='ltr'>coniunctum,</span> <span class='ocrx_word' id='word_1_74' title='bbox 715 1602 734 1664; x_wconf 93' lang='lat' dir='ltr'>i.</span> <span class='ocrx_word' id='word_1_75' title='bbox 748 1619 773 1665; x_wconf 86' lang='lat' dir='ltr'>e.</span> <span class='ocrx_word' id='word_1_76' title='bbox 793 1602 899 1685; x_wconf 91' lang='lat' dir='ltr'>ipsum</span> <span class='ocrx_word' id='word_1_77' title='bbox 918 1605 1048 1685; x_wconf 90' lang='lat' dir='ltr'>pontem</span> <span class='ocrx_word' id='word_1_78' title='bbox 1067 1600 1219 1686; x_wconf 88' lang='lat' dir='ltr'>pluribus</span> <span class='ocrx_word' id='word_1_79' title='bbox 1230 1603 1320 1667; x_wconf 91' lang='lat' dir='ltr'>iuno·</span> 
     </span>
     <span class='ocr_line' id='line_1_11' title="bbox 201 1714 1320 1800; baseline 0.001 -20"><span class='ocrx_word' id='word_1_80' title='bbox 201 1719 270 1780; x_wconf 88' lang='lat' dir='ltr'>tum</span> <span class='ocrx_word' id='word_1_81' title='bbox 293 1715 437 1800; x_wconf 87' lang='lat' dir='ltr'>partibus</span> <span class='ocrx_word' id='word_1_82' title='bbox 461 1715 645 1780; x_wconf 88' lang='lat' dir='ltr'>dissoluere.</span> <span class='ocrx_word' id='word_1_83' title='bbox 669 1715 714 1778; x_wconf 89' lang='lat' dir='ltr'>At</span> <span class='ocrx_word' id='word_1_84' title='bbox 736 1734 802 1778; x_wconf 92' lang='lat' dir='ltr'>non</span> <span class='ocrx_word' id='word_1_85' title='bbox 826 1714 968 1799; x_wconf 91' lang='lat' dir='ltr'>deerunt,</span> <span class='ocrx_word' id='word_1_86' title='bbox 993 1716 1049 1799; x_wconf 91' lang='lat' dir='ltr'>qui</span> <span class='ocrx_word' id='word_1_87' title='bbox 1068 1720 1184 1800; x_wconf 89' lang='lat' dir='ltr'>putent</span> <span class='ocrx_word' id='word_1_88' title='bbox 1201 1717 1235 1781; x_wconf 90' lang='lat' dir='ltr'>id</span> <span class='ocrx_word' id='word_1_89' title='bbox 1252 1735 1320 1781; x_wconf 90' lang='lat' dir='ltr'>esse</span> 
     </span>
     <span class='ocr_line' id='line_1_12' title="bbox 201 1827 1320 1919; baseline 0.004 -28"><span class='ocrx_word' id='word_1_90' title='bbox 201 1829 452 1913; x_wconf 85' lang='lat' dir='ltr'>intellegendum</span> <span class='ocrx_word' id='word_1_91' title='bbox 464 1829 550 1919; x_wconf 80' lang='lat' dir='ltr'>ripas</span> <span class='ocrx_word' id='word_1_92' title='bbox 562 1831 657 1912; x_wconf 91' lang='lat' dir='ltr'>ponte</span> <span class='ocrx_word' id='word_1_93' title='bbox 668 1828 758 1912; x_wconf 86' lang='lat' dir='ltr'>prius</span> <span class='ocrx_word' id='word_1_94' title='bbox 770 1829 896 1892; x_wconf 86' lang='lat' dir='ltr'>iunctas</span> <span class='ocrx_word' id='word_1_95' title='bbox 912 1827 1104 1893; x_wconf 90' lang='lat' dir='ltr'>destruendo</span> <span class='ocrx_word' id='word_1_96' title='bbox 1117 1833 1216 1913; x_wconf 90' lang='lat' dir='ltr'>ponte</span> <span class='ocrx_word' id='word_1_97' title='bbox 1228 1830 1320 1896; x_wconf 87' lang='lat' dir='ltr'>solui.</span> 
     </span>
     <span class='ocr_line' id='line_1_13' title="bbox 202 1941 1317 2029; baseline 0.001 -22"><span class='ocrx_word' id='word_1_98' title='bbox 202 1941 286 2007; x_wconf 82' lang='lat' dir='ltr'>Fieri</span> <span class='ocrx_word' id='word_1_99' title='bbox 308 1946 413 2007; x_wconf 89' lang='lat' dir='ltr'>tamen</span> <span class='ocrx_word' id='word_1_100' title='bbox 433 1946 536 2027; x_wconf 90' lang='lat' dir='ltr'>potest</span> <span class='ocrx_word' id='word_1_101' title='bbox 555 1946 590 2006; x_wconf 89' lang='lat' dir='ltr'>ut</span> <span class='ocrx_word' id='word_1_102' title='bbox 609 1942 772 2006; x_wconf 88' lang='lat' dir='ltr'>translatio</span> <span class='ocrx_word' id='word_1_103' title='bbox 793 1941 832 2006; x_wconf 93' lang='lat' dir='ltr'>ad</span> <span class='ocrx_word' id='word_1_104' title='bbox 852 1942 940 2006; x_wconf 90' lang='lat' dir='ltr'>aliud</span> <span class='ocrx_word' id='word_1_105' title='bbox 960 1943 1140 2007; x_wconf 86' lang='lat' dir='ltr'>revocanda</span> <span class='ocrx_word' id='word_1_106' title='bbox 1151 1945 1195 2008; x_wconf 89' lang='lat' dir='ltr'>sit</span> <span class='ocrx_word' id='word_1_107' title='bbox 1207 1962 1317 2029; x_wconf 86' lang='lat' dir='ltr'>genus,</span> 
     </span>
    </p>

    <p class='ocr_par' dir='ltr' id='par_1_4' title="bbox 68 2056 1319 2597">
     <span class='ocr_line' id='line_1_14' title="bbox 68 2056 1317 2142; baseline 0.002 -23"><span class='ocrx_word' id='word_1_108' title='bbox 68 2096 72 2102; x_wconf 93' lang='lat'>-</span> <span class='ocrx_word' id='word_1_109' title='bbox 201 2057 245 2120; x_wconf 90' lang='lat' dir='ltr'>ita</span> <span class='ocrx_word' id='word_1_110' title='bbox 268 2059 306 2120; x_wconf 89' lang='lat' dir='ltr'>ut</span> <span class='ocrx_word' id='word_1_111' title='bbox 327 2057 440 2139; x_wconf 86' lang='lat' dir='ltr'>iugum</span> <span class='ocrx_word' id='word_1_112' title='bbox 463 2057 505 2120; x_wconf 89' lang='lat' dir='ltr'>sit</span> <span class='ocrx_word' id='word_1_113' title='bbox 527 2057 614 2140; x_wconf 86' lang='lat' dir='ltr'>origo</span> <span class='ocrx_word' id='word_1_114' title='bbox 635 2056 721 2119; x_wconf 89' lang='lat' dir='ltr'>unde</span> <span class='ocrx_word' id='word_1_115' title='bbox 739 2056 817 2119; x_wconf 87' lang='lat' dir='ltr'>haec</span> <span class='ocrx_word' id='word_1_116' title='bbox 837 2056 1020 2140; x_wconf 89' lang='lat' dir='ltr'>metaphora</span> <span class='ocrx_word' id='word_1_117' title='bbox 1033 2058 1075 2120; x_wconf 89' lang='lat' dir='ltr'>sit</span> <span class='ocrx_word' id='word_1_118' title='bbox 1086 2057 1235 2142; x_wconf 88' lang='lat' dir='ltr'>profecta.</span> <span class='ocrx_word' id='word_1_119' title='bbox 1247 2057 1317 2122; x_wconf 89' lang='lat' dir='ltr'>Non</span> 
     </span>
     <span class='ocr_line' id='line_1_15' title="bbox 204 2166 1319 2256; baseline 0.004 -22"><span class='ocrx_word' id='word_1_120' title='bbox 204 2170 308 2234; x_wconf 92' lang='lat' dir='ltr'>solum</span> <span class='ocrx_word' id='word_1_121' title='bbox 338 2171 422 2234; x_wconf 92' lang='lat' dir='ltr'>enim</span> <span class='ocrx_word' id='word_1_122' title='bbox 452 2169 568 2233; x_wconf 91' lang='lat' dir='ltr'>dicitur</span> <span class='ocrx_word' id='word_1_123' title='bbox 599 2166 751 2247; x_wconf 72' lang='grc' dir='ltr'><em>ζενννάνοιι</em></span> <span class='ocrx_word' id='word_1_124' title='bbox 781 2167 915 2250; x_wconf 77' lang='grc' dir='ltr'><em>γέφυράν</em></span> <span class='ocrx_word' id='word_1_125' title='bbox 946 2169 1073 2252; x_wconf 82' lang='lat' dir='ltr'>(Herod.</span> <span class='ocrx_word' id='word_1_126' title='bbox 1097 2172 1195 2256; x_wconf 90' lang='lat'>4,88</span> <span class='ocrx_word' id='word_1_127' title='bbox 1219 2175 1319 2238; x_wconf 83' lang='lat' dir='ltr'>etsie</span> 
     </span>
     <span class='ocr_line' id='line_1_16' title="bbox 203 2280 1318 2372; baseline 0.002 -24"><span class='ocrx_word' id='word_1_128' title='bbox 203 2284 341 2368; x_wconf 83' lang='lat' dir='ltr'>saepius)</span> <span class='ocrx_word' id='word_1_129' title='bbox 365 2283 420 2348; x_wconf 87' lang='lat' dir='ltr'>sed</span> <span class='ocrx_word' id='word_1_130' title='bbox 443 2284 536 2347; x_wconf 86' lang='lat' dir='ltr'>etiam</span> <span class='ocrx_word' id='word_1_131' title='bbox 559 2280 711 2363; x_wconf 73' lang='grc' dir='ltr'><em>ζεινγνάνοιι</em></span> <span class='ocrx_word' id='word_1_132' title='bbox 733 2281 876 2361; x_wconf 79' lang='grc' dir='ltr'><em>ποποιμέν,</em></span> <span class='ocrx_word' id='word_1_133' title='bbox 902 2282 1120 2357; x_wconf 73' lang='grc' dir='ltr'><em>Ἑλλήσποντον</em></span> <span class='ocrx_word' id='word_1_134' title='bbox 1139 2285 1269 2366; x_wconf 86' lang='lat' dir='ltr'>(Herod.</span> <span class='ocrx_word' id='word_1_135' title='bbox 1291 2289 1318 2372; x_wconf 89' lang='grc'>7,</span> 
     </span>
     <span class='ocr_line' id='line_1_17' title="bbox 205 2396 1318 2489; baseline 0.007 -29"><span class='ocrx_word' id='word_1_136' title='bbox 205 2398 355 2460; x_wconf 92' lang='grc'><strong>24-157</strong></span> <span class='ocrx_word' id='word_1_137' title='bbox 381 2396 448 2461; x_wconf 93' lang='lat' dir='ltr'>Pol.</span> <span class='ocrx_word' id='word_1_138' title='bbox 471 2399 499 2480; x_wconf 88' lang='lat'>5,</span> <span class='ocrx_word' id='word_1_139' title='bbox 520 2399 571 2481; x_wconf 87' lang='lat'>52,</span> <span class='ocrx_word' id='word_1_140' title='bbox 590 2399 622 2482; x_wconf 82' lang='lat'>4)</span> <span class='ocrx_word' id='word_1_141' title='bbox 645 2399 689 2462; x_wconf 89' lang='lat' dir='ltr'>ita</span> <span class='ocrx_word' id='word_1_142' title='bbox 708 2403 745 2462; x_wconf 94' lang='lat' dir='ltr'>ut</span> <span class='ocrx_word' id='word_1_143' title='bbox 765 2401 821 2483; x_wconf 90' lang='lat' dir='ltr'>qui</span> <span class='ocrx_word' id='word_1_144' title='bbox 839 2403 967 2484; x_wconf 89' lang='lat' dir='ltr'>pontem</span> <span class='ocrx_word' id='word_1_145' title='bbox 988 2400 1069 2464; x_wconf 88' lang='lat' dir='ltr'>tollit</span> <span class='ocrx_word' id='word_1_146' title='bbox 1089 2400 1197 2467; x_wconf 88' lang='lat' dir='ltr'>demat</span> <span class='ocrx_word' id='word_1_147' title='bbox 1208 2404 1318 2489; x_wconf 83' lang='lat' dir='ltr'>iugum</span> 
     </span>
     <span class='ocr_line' id='line_1_18' title="bbox 204 2511 1312 2597; baseline 0.003 -21"><span class='ocrx_word' id='word_1_148' title='bbox 204 2512 340 2595; x_wconf 86' lang='lat' dir='ltr'>flumini,</span> <span class='ocrx_word' id='word_1_149' title='bbox 364 2511 417 2575; x_wconf 89' lang='lat' dir='ltr'>cfr.</span> <span class='ocrx_word' id='word_1_150' title='bbox 441 2511 526 2575; x_wconf 83' lang='lat' dir='ltr'>Ourt.</span> <span class='ocrx_word' id='word_1_151' title='bbox 552 2512 622 2595; x_wconf 91' lang='grc'>5,1</span> <span class='ocrx_word' id='word_1_152' title='bbox 647 2514 809 2596; x_wconf 88' lang='lat' dir='ltr'>imponere</span> <span class='ocrx_word' id='word_1_153' title='bbox 832 2517 959 2597; x_wconf 89' lang='lat' dir='ltr'>pontem</span> <span class='ocrx_word' id='word_1_154' title='bbox 984 2513 1121 2578; x_wconf 89' lang='lat' dir='ltr'>flumini.</span> <span class='ocrx_word' id='word_1_155' title='bbox 1307 2512 1312 2519; x_wconf 80' lang='grc'><strong><em>’</em></strong></span> 
     </span>
    </p>

    <p class='ocr_par' dir='ltr' id='par_1_5' title="bbox 203 2623 1321 3281">
     <span class='ocr_line' id='line_1_19' title="bbox 248 2623 1318 2710; baseline 0.005 -20"><span class='ocrx_word' id='word_1_156' title='bbox 248 2625 347 2690; x_wconf 93' lang='lat' dir='ltr'>Porro</span> <span class='ocrx_word' id='word_1_157' title='bbox 371 2627 417 2690; x_wconf 90' lang='lat' dir='ltr'>sic</span> <span class='ocrx_word' id='word_1_158' title='bbox 437 2626 555 2710; x_wconf 85' lang='lat' dir='ltr'>legitur</span> <span class='ocrx_word' id='word_1_159' title='bbox 579 2626 606 2701; x_wconf 90' lang='lat'>1,</span> <span class='ocrx_word' id='word_1_160' title='bbox 630 2627 683 2710; x_wconf 91' lang='lat'>42,</span> <span class='ocrx_word' id='word_1_161' title='bbox 707 2628 726 2690; x_wconf 89' lang='grc'><strong>3</strong></span> <span class='ocrx_word' id='word_1_162' title='bbox 749 2629 838 2690; x_wconf 81' lang='grc' dir='ltr'><em>λῦοοοι</em></span> <span class='ocrx_word' id='word_1_163' title='bbox 863 2623 1005 2706; x_wconf 74' lang='grc' dir='ltr'><em>ἔγκλνμοι</em></span> <span class='ocrx_word' id='word_1_164' title='bbox 1027 2633 1058 2694; x_wconf 88' lang='lat' dir='ltr'>et</span> <span class='ocrx_word' id='word_1_165' title='bbox 1080 2626 1158 2694; x_wconf 80' lang='grc' dir='ltr'><em>λύειν</em></span> <span class='ocrx_word' id='word_1_166' title='bbox 1180 2628 1236 2704; x_wconf 83' lang='grc' dir='ltr'>τάς</span> <span class='ocrx_word' id='word_1_167' title='bbox 1256 2631 1318 2695; x_wconf 83' lang='grc' dir='ltr'><em>ε’πι·</em></span> 
     </span>
     <span class='ocr_line' id='line_1_20' title="bbox 203 2737 1320 2826; baseline 0.006 -24"><span class='ocrx_word' id='word_1_168' title='bbox 203 2737 340 2817; x_wconf 75' lang='grc' dir='ltr'><em>κειμένας</em></span> <span class='ocrx_word' id='word_1_169' title='bbox 363 2737 474 2818; x_wconf 78' lang='grc' dir='ltr'><em>ζνμέοος</em></span> <span class='ocrx_word' id='word_1_170' title='bbox 497 2740 527 2822; x_wconf 91' lang='grc'>8,</span> <span class='ocrx_word' id='word_1_171' title='bbox 553 2739 604 2821; x_wconf 95' lang='grc'>15,</span> <span class='ocrx_word' id='word_1_172' title='bbox 630 2740 666 2819; x_wconf 87' lang='grc'>1;</span> <span class='ocrx_word' id='word_1_173' title='bbox 691 2737 858 2804; x_wconf 78' lang='grc' dir='ltr'><em>διοιλάεοέοιι</em></span> <span class='ocrx_word' id='word_1_174' title='bbox 882 2737 988 2823; x_wconf 83' lang='grc' dir='ltr'><em>ἔχέροις</em></span> <span class='ocrx_word' id='word_1_175' title='bbox 1011 2743 1143 2826; x_wconf 87' lang='grc'><strong>4,19,2</strong></span> <span class='ocrx_word' id='word_1_176' title='bbox 1163 2742 1320 2809; x_wconf 86' lang='grc' dir='ltr'><em>κοιτοολάενν</em></span> 
     </span>
     <span class='ocr_line' id='line_1_21' title="bbox 204 2848 1321 2939; baseline 0.005 -23"><span class='ocrx_word' id='word_1_177' title='bbox 204 2852 237 2917; x_wconf 76' lang='grc' dir='ltr'>τὸ</span> <span class='ocrx_word' id='word_1_178' title='bbox 261 2852 347 2916; x_wconf 77' lang='grc' dir='ltr'><em>κοινὸν</em></span> <span class='ocrx_word' id='word_1_179' title='bbox 369 2848 479 2929; x_wconf 59' lang='lat' dir='ltr'>apale</span> <span class='ocrx_word' id='word_1_180' title='bbox 505 2853 533 2936; x_wconf 90' lang='grc'>5,</span> <span class='ocrx_word' id='word_1_181' title='bbox 558 2852 598 2916; x_wconf 86' lang='grc'>90</span> <span class='ocrx_word' id='word_1_182' title='bbox 622 2850 746 2915; x_wconf 75' lang='grc' dir='ltr'><em>διάλύειν</em></span> <span class='ocrx_word' id='word_1_183' title='bbox 770 2851 975 2926; x_wconf 65' lang='lat' dir='ltr'>adcumulata</span> <span class='ocrx_word' id='word_1_184' title='bbox 1001 2855 1321 2939; x_wconf 84' lang='grc' dir='ltr'><em>5,,36,1ιιοιτονλύειν</em></span> 
     </span>
     <span class='ocr_line' id='line_1_22' title="bbox 204 2964 1319 3052; baseline 0.003 -20"><span class='ocrx_word' id='word_1_185' title='bbox 204 2965 369 3048; x_wconf 72' lang='grc' dir='ltr'><em>μονάρχους</em></span> <span class='ocrx_word' id='word_1_186' title='bbox 401 2968 431 3049; x_wconf 89' lang='grc'>1,</span> <span class='ocrx_word' id='word_1_187' title='bbox 464 2969 537 3050; x_wconf 90' lang='grc'><strong>122,</strong></span> <span class='ocrx_word' id='word_1_188' title='bbox 568 2968 587 3030; x_wconf 88' lang='grc'><strong>3</strong></span> <span class='ocrx_word' id='word_1_189' title='bbox 620 2964 745 3031; x_wconf 74' lang='grc' dir='ltr'><em>διοιλύειν</em></span> <span class='ocrx_word' id='word_1_190' title='bbox 776 2966 815 3030; x_wconf 88' lang='grc' dir='ltr'>τά</span> <span class='ocrx_word' id='word_1_191' title='bbox 840 2966 1004 3050; x_wconf 70' lang='grc' dir='ltr'><em>ἀμφίλογος</em></span> <span class='ocrx_word' id='word_1_192' title='bbox 1028 2969 1058 3052; x_wconf 90' lang='grc'>4,</span> <span class='ocrx_word' id='word_1_193' title='bbox 1083 2969 1157 3052; x_wconf 88' lang='grc'><strong>118,</strong></span> <span class='ocrx_word' id='word_1_194' title='bbox 1183 2971 1203 3034; x_wconf 91' lang='grc'>8</span> <span class='ocrx_word' id='word_1_195' title='bbox 1225 2993 1319 3035; x_wconf 82' lang='grc' dir='ltr'><em>κάτοι-</em></span> 
     </span>
     <span class='ocr_line' id='line_1_23' title="bbox 206 3079 1319 3168; baseline 0.004 -21"><span class='ocrx_word' id='word_1_196' title='bbox 206 3085 293 3147; x_wconf 69' lang='lat' dir='ltr'>aera</span> <span class='ocrx_word' id='word_1_197' title='bbox 316 3080 368 3154; x_wconf 73' lang='lat' dir='ltr'>ria</span> <span class='ocrx_word' id='word_1_198' title='bbox 390 3079 502 3145; x_wconf 74' lang='grc' dir='ltr'><em>ἒλπίδοο</em></span> <span class='ocrx_word' id='word_1_199' title='bbox 527 3083 557 3165; x_wconf 90' lang='grc'>2,</span> <span class='ocrx_word' id='word_1_200' title='bbox 581 3082 632 3164; x_wconf 87' lang='grc'><strong>89,</strong></span> <span class='ocrx_word' id='word_1_201' title='bbox 657 3082 697 3145; x_wconf 88' lang='grc'>10</span> <span class='ocrx_word' id='word_1_202' title='bbox 722 3079 878 3146; x_wconf 84' lang='grc' dir='ltr'><em>κοοτοολάειν</em></span> <span class='ocrx_word' id='word_1_203' title='bbox 897 3081 946 3146; x_wconf 80' lang='grc' dir='ltr'>τὸν</span> <span class='ocrx_word' id='word_1_204' title='bbox 966 3081 1067 3161; x_wconf 74' lang='grc' dir='ltr'><em>δῆμον,</em></span> <span class='ocrx_word' id='word_1_205' title='bbox 1080 3084 1319 3168; x_wconf 85' lang='lat' dir='ltr'>sediamsatis;</span> 
     </span>
     <span class='ocr_line' id='line_1_24' title="bbox 208 3196 685 3281; baseline -0.004 -19"><span class='ocrx_word' id='word_1_206' title='bbox 208 3198 374 3281; x_wconf 90' lang='lat' dir='ltr'>quaerenti</span> <span class='ocrx_word' id='word_1_207' title='bbox 394 3196 488 3281; x_wconf 93' lang='lat' dir='ltr'>plura</span> <span class='ocrx_word' id='word_1_208' title='bbox 510 3202 685 3261; x_wconf 89' lang='lat' dir='ltr'>occurrent.</span> 
     </span>
    </p>

    <p class='ocr_par' dir='ltr' id='par_1_6' title="bbox 205 3309 1323 3851">
     <span class='ocr_line' id='line_1_25' title="bbox 251 3309 1321 3396; baseline 0.005 -22"><span class='ocrx_word' id='word_1_209' title='bbox 251 3309 408 3387; x_wconf 80' lang='lat' dir='ltr'>Quoniam</span> <span class='ocrx_word' id='word_1_210' title='bbox 439 3311 500 3373; x_wconf 91' lang='lat' dir='ltr'>hoo</span> <span class='ocrx_word' id='word_1_211' title='bbox 532 3311 744 3374; x_wconf 84' lang='lat' dir='ltr'>ministerium</span> <span class='ocrx_word' id='word_1_212' title='bbox 772 3309 869 3374; x_wconf 91' lang='lat' dir='ltr'>uerbo</span> <span class='ocrx_word' id='word_1_213' title='bbox 893 3312 983 3396; x_wconf 87' lang='lat' dir='ltr'>tetigi</span> <span class='ocrx_word' id='word_1_214' title='bbox 1007 3315 1038 3376; x_wconf 91' lang='lat' dir='ltr'>et</span> <span class='ocrx_word' id='word_1_215' title='bbox 1060 3313 1122 3377; x_wconf 92' lang='lat' dir='ltr'>alia</span> <span class='ocrx_word' id='word_1_216' title='bbox 1144 3315 1321 3379; x_wconf 89' lang='lat' dir='ltr'>ministeria</span> 
     </span>
     <span class='ocr_line' id='line_1_26' title="bbox 205 3422 1322 3514; baseline 0.004 -23"><span class='ocrx_word' id='word_1_217' title='bbox 205 3426 370 3491; x_wconf 90' lang='lat' dir='ltr'>tractanda</span> <span class='ocrx_word' id='word_1_218' title='bbox 407 3426 565 3490; x_wconf 88' lang='lat' dir='ltr'>uidentur.</span> <span class='ocrx_word' id='word_1_219' title='bbox 601 3424 684 3490; x_wconf 82' lang='lat' dir='ltr'>Sunt</span> <span class='ocrx_word' id='word_1_220' title='bbox 719 3427 775 3510; x_wconf 93' lang='lat' dir='ltr'>qui</span> <span class='ocrx_word' id='word_1_221' title='bbox 809 3430 943 3491; x_wconf 91' lang='lat' dir='ltr'>nectunt</span> <span class='ocrx_word' id='word_1_222' title='bbox 976 3422 1168 3499; x_wconf 78' lang='grc' dir='ltr'><em>ξυνάπτουσιν</em></span> <span class='ocrx_word' id='word_1_223' title='bbox 1203 3430 1322 3514; x_wconf 83' lang='lat' dir='ltr'>aliique</span> 
     </span>
     <span class='ocr_line' id='line_1_27' title="bbox 205 3540 1321 3626; baseline 0.005 -23"><span class='ocrx_word' id='word_1_224' title='bbox 205 3560 319 3605; x_wconf 87' lang='lat' dir='ltr'>rursus</span> <span class='ocrx_word' id='word_1_225' title='bbox 351 3540 438 3623; x_wconf 90' lang='lat' dir='ltr'>quod</span> <span class='ocrx_word' id='word_1_226' title='bbox 468 3558 589 3603; x_wconf 85' lang='lat' dir='ltr'>nexum</span> <span class='ocrx_word' id='word_1_227' title='bbox 613 3543 661 3603; x_wconf 87' lang='lat' dir='ltr'>est</span> <span class='ocrx_word' id='word_1_228' title='bbox 683 3541 822 3604; x_wconf 78' lang='lat' dir='ltr'>uoluunt.</span> <span class='ocrx_word' id='word_1_229' title='bbox 846 3540 941 3605; x_wconf 91' lang='lat' dir='ltr'>Unde</span> <span class='ocrx_word' id='word_1_230' title='bbox 964 3542 1177 3626; x_wconf 86' lang='lat' dir='ltr'>metaphorice</span> <span class='ocrx_word' id='word_1_231' title='bbox 1201 3543 1321 3609; x_wconf 90' lang='lat' dir='ltr'>dictum</span> 
     </span>
     <span class='ocr_line' id='line_1_28' title="bbox 206 3648 1323 3741; baseline 0.004 -25"><span class='ocrx_word' id='word_1_232' title='bbox 206 3648 360 3727; x_wconf 72' lang='grc' dir='ltr'><em>ξυνάπτειν</em></span> <span class='ocrx_word' id='word_1_233' title='bbox 390 3649 519 3730; x_wconf 80' lang='grc' dir='ltr'><em>πόλεμον</em></span> <span class='ocrx_word' id='word_1_234' title='bbox 549 3657 580 3716; x_wconf 92' lang='lat' dir='ltr'>et</span> <span class='ocrx_word' id='word_1_235' title='bbox 609 3650 808 3716; x_wconf 82' lang='grc' dir='ltr'><em>κοιτάλύεοέοιι</em></span> <span class='ocrx_word' id='word_1_236' title='bbox 832 3653 862 3737; x_wconf 90' lang='grc'>6,</span> <span class='ocrx_word' id='word_1_237' title='bbox 887 3654 938 3737; x_wconf 89' lang='grc'>13,</span> <span class='ocrx_word' id='word_1_238' title='bbox 961 3656 999 3736; x_wconf 85' lang='grc'>2;</span> <span class='ocrx_word' id='word_1_239' title='bbox 1024 3653 1077 3718; x_wconf 90' lang='lat' dir='ltr'>cfr.</span> <span class='ocrx_word' id='word_1_240' title='bbox 1103 3655 1133 3740; x_wconf 87' lang='grc'>6,</span> <span class='ocrx_word' id='word_1_241' title='bbox 1156 3657 1208 3740; x_wconf 91' lang='grc'>36,</span> <span class='ocrx_word' id='word_1_242' title='bbox 1232 3658 1271 3740; x_wconf 84' lang='grc'>4;</span> <span class='ocrx_word' id='word_1_243' title='bbox 1292 3658 1323 3741; x_wconf 92' lang='grc'>4,</span> 
     </span>
     <span class='ocr_line' id='line_1_29' title="bbox 208 3766 506 3851; baseline -0.01 -20"><span class='ocrx_word' id='word_1_244' title='bbox 208 3768 258 3851; x_wconf 89' lang='grc'>18,</span> <span class='ocrx_word' id='word_1_245' title='bbox 281 3768 320 3848; x_wconf 83' lang='grc'>4;</span> <span class='ocrx_word' id='word_1_246' title='bbox 349 3767 377 3850; x_wconf 97' lang='grc'>1,</span> <span class='ocrx_word' id='word_1_247' title='bbox 400 3766 453 3848; x_wconf 92' lang='grc'>81,</span> <span class='ocrx_word' id='word_1_248' title='bbox 476 3767 506 3828; x_wconf 91' lang='grc'>5.</span> 
     </span>
    </p>

    <p class='ocr_par' dir='ltr' id='par_1_7' title="bbox 206 3875 1322 4425">
     <span class='ocr_line' id='line_1_30' title="bbox 249 3875 1320 3966; baseline 0.006 -23"><span class='ocrx_word' id='word_1_249' title='bbox 249 3878 320 3944; x_wconf 83' lang='grc' dir='ltr'>Ηοο</span> <span class='ocrx_word' id='word_1_250' title='bbox 348 3898 445 3944; x_wconf 91' lang='lat' dir='ltr'>sensu</span> <span class='ocrx_word' id='word_1_251' title='bbox 480 3881 617 3943; x_wconf 88' lang='lat' dir='ltr'>occurrit</span> <span class='ocrx_word' id='word_1_252' title='bbox 648 3875 824 3964; x_wconf 74' lang='grc' dir='ltr'><em>διολύεοθοιι,</em></span> <span class='ocrx_word' id='word_1_253' title='bbox 846 3881 1045 3945; x_wconf 86' lang='lat' dir='ltr'>reconciliari</span> <span class='ocrx_word' id='word_1_254' title='bbox 1072 3882 1102 3966; x_wconf 89' lang='lat'>5,</span> <span class='ocrx_word' id='word_1_255' title='bbox 1125 3882 1179 3966; x_wconf 90' lang='grc'><strong>80,</strong></span> <span class='ocrx_word' id='word_1_256' title='bbox 1204 3884 1221 3946; x_wconf 96' lang='grc'><strong>1</strong></span> <span class='ocrx_word' id='word_1_257' title='bbox 1246 3883 1320 3949; x_wconf 86' lang='grc' dir='ltr'><em>άπο-</em></span> 
     </span>
     <span class='ocr_line' id='line_1_31' title="bbox 206 3990 1322 4079; baseline 0.005 -23"><span class='ocrx_word' id='word_1_258' title='bbox 206 3990 350 4057; x_wconf 81' lang='grc' dir='ltr'><em>λάτοιοθοιι</em></span> <span class='ocrx_word' id='word_1_259' title='bbox 381 3990 552 4064; x_wconf 73' lang='lat' dir='ltr'>uinciatur</span> <span class='ocrx_word' id='word_1_260' title='bbox 576 3993 708 4057; x_wconf 87' lang='lat' dir='ltr'>crimine</span> <span class='ocrx_word' id='word_1_261' title='bbox 731 4013 921 4078; x_wconf 77' lang='lat' dir='ltr'>repurgare</span> <span class='ocrx_word' id='word_1_262' title='bbox 946 3996 975 4078; x_wconf 82' lang='lat'>5,</span> <span class='ocrx_word' id='word_1_263' title='bbox 1000 3996 1050 4079; x_wconf 89' lang='grc'>75,</span> <span class='ocrx_word' id='word_1_264' title='bbox 1074 3997 1104 4059; x_wconf 90' lang='grc'>3.</span> <span class='ocrx_word' id='word_1_265' title='bbox 1125 3992 1225 4079; x_wconf 80' lang='grc' dir='ltr'><em>φόβον</em></span> <span class='ocrx_word' id='word_1_266' title='bbox 1247 3998 1322 4062; x_wconf 87' lang='grc' dir='ltr'><em>άπο-</em></span> 
     </span>
     <span class='ocr_line' id='line_1_32' title="bbox 206 4104 1319 4197; baseline 0.004 -27"><span class='ocrx_word' id='word_1_267' title='bbox 206 4106 323 4170; x_wconf 67' lang='lat' dir='ltr'>aaaron</span> <span class='ocrx_word' id='word_1_268' title='bbox 352 4110 439 4170; x_wconf 88' lang='lat' dir='ltr'>metu</span> <span class='ocrx_word' id='word_1_269' title='bbox 468 4104 596 4170; x_wconf 89' lang='lat' dir='ltr'>liberari</span> <span class='ocrx_word' id='word_1_270' title='bbox 629 4107 658 4190; x_wconf 94' lang='grc'>7,</span> <span class='ocrx_word' id='word_1_271' title='bbox 684 4106 735 4190; x_wconf 89' lang='grc'>56,</span> <span class='ocrx_word' id='word_1_272' title='bbox 760 4109 779 4169; x_wconf 92' lang='grc'><strong>2</strong></span> <span class='ocrx_word' id='word_1_273' title='bbox 802 4105 963 4188; x_wconf 81' lang='grc' dir='ltr'><em>ποιροιλύειν</em></span> <span class='ocrx_word' id='word_1_274' title='bbox 985 4113 1039 4181; x_wconf 75' lang='grc' dir='ltr'>τῆς</span> <span class='ocrx_word' id='word_1_275' title='bbox 1062 4109 1148 4190; x_wconf 77' lang='grc' dir='ltr'><em>άργῆς</em></span> <span class='ocrx_word' id='word_1_276' title='bbox 1172 4112 1201 4196; x_wconf 90' lang='grc'>2,</span> <span class='ocrx_word' id='word_1_277' title='bbox 1227 4112 1319 4197; x_wconf 93' lang='grc'><strong>65,1</strong></span> 
     </span>
     <span class='ocr_line' id='line_1_33' title="bbox 207 4217 1322 4307; baseline 0.006 -24"><span class='ocrx_word' id='word_1_278' title='bbox 207 4221 287 4284; x_wconf 90' lang='lat' dir='ltr'>iram</span> <span class='ocrx_word' id='word_1_279' title='bbox 315 4219 478 4304; x_wconf 80' lang='lat' dir='ltr'>mitigare3</span> <span class='ocrx_word' id='word_1_280' title='bbox 508 4219 607 4284; x_wconf 92' lang='lat' dir='ltr'>uerbo</span> <span class='ocrx_word' id='word_1_281' title='bbox 637 4219 697 4282; x_wconf 91' lang='lat' dir='ltr'>hoo</span> <span class='ocrx_word' id='word_1_282' title='bbox 728 4217 885 4300; x_wconf 82' lang='grc' dir='ltr'><em>ποροιλάειν</em></span> <span class='ocrx_word' id='word_1_283' title='bbox 907 4224 975 4285; x_wconf 89' lang='lat' dir='ltr'>tum</span> <span class='ocrx_word' id='word_1_284' title='bbox 1001 4223 1160 4307; x_wconf 75' lang='lat' dir='ltr'>Imprimis</span> <span class='ocrx_word' id='word_1_285' title='bbox 1185 4229 1322 4290; x_wconf 89' lang='lat' dir='ltr'>utuntur</span> 
     </span>
     <span class='ocr_line' id='line_1_34' title="bbox 209 4333 1321 4425; baseline 0.006 -29"><span class='ocrx_word' id='word_1_286' title='bbox 209 4333 376 4417; x_wconf 87' lang='lat' dir='ltr'>scriptores</span> <span class='ocrx_word' id='word_1_287' title='bbox 407 4351 480 4396; x_wconf 88' lang='lat' dir='ltr'>cum</span> <span class='ocrx_word' id='word_1_288' title='bbox 505 4333 577 4416; x_wconf 91' lang='lat' dir='ltr'>quis</span> <span class='ocrx_word' id='word_1_289' title='bbox 599 4333 786 4417; x_wconf 86' lang='lat' dir='ltr'>magistratu</span> <span class='ocrx_word' id='word_1_290' title='bbox 807 4338 998 4414; x_wconf 88' lang='lat' dir='ltr'>remouetur,</span> <span class='ocrx_word' id='word_1_291' title='bbox 1025 4335 1079 4400; x_wconf 90' lang='lat' dir='ltr'>cfr.</span> <span class='ocrx_word' id='word_1_292' title='bbox 1106 4337 1212 4424; x_wconf 89' lang='grc'><strong>7,16,</strong></span> <span class='ocrx_word' id='word_1_293' title='bbox 1236 4339 1272 4423; x_wconf 82' lang='grc'>1;</span> <span class='ocrx_word' id='word_1_294' title='bbox 1292 4339 1321 4425; x_wconf 90' lang='lat'>8,</span> 
     </span>
    </p>
   </div>
   <div class='ocr_carea' id='block_1_3' title="bbox 0 0 1537 4980">
    <p class='ocr_par' dir='ltr' id='par_1_8' title="bbox 0 0 1537 4980">
     <span class='ocr_line' id='line_1_35' title="bbox 0 0 1537 4980; baseline 0 0"><span class='ocrx_word' id='word_1_295' title='bbox 0 0 1537 4980; x_wconf 95' lang='lat' dir='ltr'> </span> 
     </span>
    </p>
   </div>
  </div>
 </body>
</html>
