3038 4980
838 474 901 537 108

307 664 365 740 151,
401 659 601 743 aliquantum
633 660 783 744 temporis
814 661 1031 724 exercitationi
1059 678 1093 724 se
1122 659 1196 724 dare
1224 659 1365 744 uolebat,
1387 665 1424 726 ut

306 775 489 838 aduersario
519 794 595 838 mox
626 794 683 858 par
712 774 810 857 fieret,
837 775 897 838 hoc
928 793 1036 839 secum
1067 779 1229 858 reputans,
1260 776 1289 838 si
1312 777 1422 839 minus

308 887 394 970 quod
416 888 512 952 uellet
535 887 697 952 elaborare
720 893 836 971 posset,
858 889 978 952 uirtute
1001 892 1107 951 tamen
1132 906 1166 952 se
1188 886 1254 951 fore
1278 890 1422 972 superio

306 1019 391 1065 rem.
424 998 523 1064 Credo
548 999 697 1083 equidem
721 1000 868 1064 uoculam
896 998 939 1076 μὴ
971 1000 1137 1092 excidisse,
1161 1020 1257 1084 quam
1280 1001 1309 1064 si
1331 1003 1423 1065 resti-

304 1115 463 1178 tuerimus
495 1117 723 1178 sententiarum
754 1114 829 1177 ordo
858 1115 981 1196 melius,
1004 1116 1039 1177 ni
1065 1112 1166 1196 fallor,
1189 1113 1345 1196 procedet
1370 1112 1422 1177 Sic

307 1227 368 1292 sibi
401 1247 468 1291 rem
504 1230 659 1312 cogitasse
692 1213 910 1310 Thucydidem
945 1247 987 1292 ex
1020 1227 1137 1310 uerbis,
1171 1246 1252 1311 quae
1276 1229 1422 1311 proxime

307 1346 488 1425 sequuntur
510 1343 688 1406 luculenter
711 1346 847 1426 apparet.
871 1342 909 1405 ld
932 1361 996 1425 quo
1020 1361 1079 1406 nos
1102 1340 1304 1423 antecedunt,
1325 1360 1421 1425 expe

291 1456 450 1518 -rientiam
486 1455 565 1537 dice,
604 1455 696 1530 nobis
730 1459 778 1519 est
812 1455 1027 1538 superandum
1061 1455 1295 1518 exercitatione.
1318 1452 1422 1518 Multa

305 1570 391 1632 enim
415 1569 640 1633 exercitatione
662 1558 918 1634 Lacedaemoniis
943 1587 1023 1652 opus
1045 1567 1145 1632 fuisse
1165 1568 1291 1632 disertis
1310 1567 1421 1632 uerbis

304 1685 438 1744 testatur
460 1681 597 1746 Pericles
624 1684 651 1764 1,
677 1684 749 1765 142,
773 1683 803 1748 6.
827 1679 879 1746 Sic
899 1684 997 1766 igitur
1015 1683 1186 1766 legendum
1206 1679 1257 1744 καὶ
1278 1679 1349 1744 ὅταν
1369 1680 1421 1754 τὴν

305 1793 470 1871 ἐπιστήμην
500 1793 543 1871 μὴ
573 1796 603 1867 ἐς
632 1797 664 1859 τὸ
702 1792 760 1859 ἴσον
783 1797 1024 1880 καταστήσωμεν,
1037 1845 1043 1859 .
1057 1847 1064 1859 .
1077 1845 1104 1859 ..
1127 1795 1212 1859 Fieri
1233 1800 1342 1860 tamen
1365 1815 1420 1879 po-

304 1913 366 1972 test
395 1913 432 1972 ut
461 1909 520 1972 hoc
551 1910 619 1974 1555
651 1911 689 1975 (15
712 1911 891 1976 auertendis
913 1909 1080 1975 moenibus
1104 1910 1308 1993 cogitauerit3
1334 1909 1419 1992 quod

305 2024 333 2086 si
356 2041 468 2086 reuera
490 2024 669 2107 putandum
692 2029 740 2089 est
762 2025 823 2089 alio
846 2025 944 2089 huius
966 2024 1040 2088 libri
1058 2024 1128 2089 loco
1148 2023 1347 2088 domicilium
1366 2024 1419 2087 ha-

305 2133 377 2200 beat
399 2154 528 2200 neeesse
551 2140 606 2201 est.
629 2136 790 2223 Legantur
810 2142 969 2224 praeterea
994 2137 1023 2221 1,
1047 2138 1087 2201 16
1111 2137 1195 2220 511,
1219 2137 1270 2220 77,
1294 2137 1324 2200 6.

351 2249 449 2334 Saepe
468 2250 698 2316 5115151151515
719 2253 906 2317 anteuertit:
927 2248 1220 2331 προκαταλαμβάνει.
1232 2250 1314 2317 Ilius
1325 2271 1419 2336 gene-

305 2365 350 2428 ris
380 2365 544 2430 translatio
568 2367 704 2430 occurrit
728 2368 757 2448 3,
780 2367 809 2448 2,
833 2367 871 2446 3,
896 2367 925 2448 3,
949 2368 977 2448 3,
1002 2367 1038 2446 1,
1064 2367 1093 2450 1,
1116 2367 1168 2449 33,
1191 2366 1228 2445 3,
1255 2366 1284 2449 1,
1306 2365 1359 2448 36,
1382 2367 1418 2444 3,

308 2479 337 2560 5,
369 2479 420 2561 30,
452 2480 487 2559 1,
520 2479 549 2560 1,
581 2480 699 2561 57,·5,
732 2480 760 2562 5,
785 2479 835 2562 57,
860 2481 897 2559 1,
923 2480 952 2562 3,
974 2479 1026 2563 46,
1050 2479 1079 2543 6.
1101 2477 1268 2565 Leguntur
1289 2479 1368 2544 haec
1392 2480 1420 2561 1,

308 2593 358 2675 37,
390 2595 410 2655 4
441 2593 470 2655 ἕν
501 2583 521 2671 ᾧ
553 2591 609 2669 μὲν
634 2592 670 2655 ἂν
698 2596 821 2672 κρατῶσι
844 2590 1014 2672 βιάζωνται,
1037 2586 1068 2656 οὗ
1091 2592 1117 2656 δ’
1140 2592 1177 2655 ἂν
1199 2589 1307 2656 λάθωσι
1333 2591 1419 2656 πλέον

297 2703 419 2799 ἔχωσιν,
441 2701 475 2777 ἣν
498 2703 529 2769 δέ
551 2704 606 2769 πού
629 2730 657 2769 τι
680 2704 863 2786 προλαβιοσιν
884 2706 1109 2785 ἀναισχυντῶσι.
1131 2706 1315 2790 Maduigius
1334 2707 1419 2771 Adu.

304 2821 370 2882 crit.
409 2818 471 2882 307
495 2821 634 2883 correxit
656 2817 840 2899 προλαβοσιν
862 2831 892 2884 51
915 2839 974 2884 555
998 2819 1202 2901 1515515115,
1226 2824 1312 2884 recte
1335 2821 1419 2885 enim

303 2933 411 2997 locum
441 2935 487 2997 sio
516 2934 757 3018 interpretatur:
785 2938 860 3016 ,551
883 2935 928 3018 ui,
950 2939 1005 2998 aut
1028 2933 1160 3016 occulte,
1183 2937 1238 2998 aut
1261 2933 1419 2999 celeritate

305 3052 337 3112 et
366 3049 626 3132 praeoccupando
656 3047 785 3132 agunt.'’
816 3049 949 3133 Alioqui
979 3049 1040 3112 hoo
1074 3047 1144 3111 loeo
1179 3047 1258 3111 nihil
1288 3068 1419 3132 prorsus

304 3162 470 3225 interesset
491 3163 574 3225 inter
595 3157 683 3223 πλέον
706 3157 784 3239 ἔχειν
808 3166 839 3225 51
860 3159 1039 3242 προσλαβεῖν
1061 3166 1092 3226 51
1110 3180 1239 3226 5555555
1259 3166 1344 3227 55551
1361 3182 1418 3246 pro

304 3271 411 3338 adteri
441 3275 544 3358 legere
574 3270 736 3349 βιάσονται
766 3278 821 3338 551
848 3274 934 3338 aliud
958 3274 1131 3355 eiusmodi;
1155 3275 1201 3339 sic
1225 3276 1310 3339 enim
1335 3281 1419 3341 recte

305 3393 336 3453 et
358 3389 479 3452 ratione
502 3387 682 3472 procederet
705 3390 811 3452 oratio.

348 3501 499 3585 Sequitur
518 3498 707 3579 οένταίρεσθαι.
727 3500 810 3564 Uide
830 3501 1030 3566 scholiastam
1050 3503 1089 3565 ad
1102 3500 1197 3586 Soph.
1209 3503 1299 3568 Aiac.
1315 3504 1416 3568 1085:

304 3612 401 3693 κυρίως
424 3612 473 3677 ἐπὶ
497 3616 552 3676 τῶν
574 3611 825 3690 ἀντιτασσομένων
849 3612 969 3690 λέγεται
992 3611 1093 3693 χερσὶν
1116 3613 1278 3691 αἷρορκὲναις
1301 3613 1318 3689 ἢ
1342 3608 1417 3697 ’ῥάβ-

304 3727 361 3800 δοις
391 3726 407 3801 ἢ
439 3726 571 3799 τοιούτοις
604 3728 684 3792 τισίν.
718 3727 778 3792 On.
802 3727 920 3791 Herod.
946 3729 974 3810 7,
997 3728 1070 3811 209,
1093 3726 1182 3792 Dem.
1208 3731 1237 3810 2,
1261 3731 1314 3814 24,
1338 3731 1416 3795 Ρ151.

303 3841 442 3924 Euthyd.
479 3843 542 3904 272
573 3842 604 3904 Α
628 3837 701 3903 ὥστε
724 3840 795 3917 μηδ’
819 3838 855 3904 ἂν
878 3837 929 3903 ἕνα
951 3841 1053 3911 αὐτοῖς
1076 3834 1128 3904 οἶόν
1151 3841 1178 3904 τ’
1202 3835 1272 3904 εἶναι
1291 3842 1417 3919 ραρδόὶν-

302 3958 386 4035 τᾶραι
417 3975 458 4020 55
488 3975 602 4019 manus
633 3954 760 4038 quidem
791 3955 910 4037 tollere,
941 3957 996 4038 qui
1027 3954 1116 4019 locus
1147 3956 1198 4018 hic
1229 3958 1347 4020 summi
1371 3962 1418 4021 551

302 4071 462 4133 momenti.
496 4069 593 4152 Apud
615 4067 830 4148 Thucydidem
855 4070 993 4132 occurrit
1017 4069 1046 4150 3,
1070 4070 1121 4150 32,
1143 4070 1162 4131 2
1186 4067 1209 4130 εἰ
1232 4065 1339 4148 ἄνδρας
1362 4068 1416 4133 διέ-

304 4182 415 4261 Φθιιρεν
450 4179 515 4246 οὔτε
548 4189 652 4262 χεῖρας
686 4178 906 4259 οὶνταιρομένονς
941 4180 1004 4245 οὔτε
1037 4181 1192 4258 πολεμίους
1216 4188 1247 4247 51
1271 4186 1299 4260 1,
1323 4187 1414 4267 53,2

305 4316 368 4379 quo
394 4297 462 4360 loco
486 4297 573 4360 haud
595 4297 712 4360 iniuria
735 4293 1192 4362 Η51551655555155111πλα.
