3038 4980
728 526 789 588 121

199 712 432 795 προσαγομένων.
453 712 514 776 Cir.
539 712 619 778 Hor.
641 712 742 778 Oarm.
767 715 796 796 2,
820 714 871 796 21,
895 714 945 796 13,
968 714 1039 779 leue
1061 716 1254 777 tormentum
1265 714 1313 776 in·

199 832 293 914 genio
330 828 506 893 admouere.
530 827 582 891 Ab
611 827 791 892 auertendis
815 827 904 892 urbis
927 827 1093 892 moenibus
1117 830 1244 911 sumpta
1266 831 1314 892 est

201 943 366 1007 translatio
401 942 479 1006 haee
513 942 541 1017 3,
578 941 627 1018 ll,
661 943 680 1004 3
712 938 761 1003 ἐπί
789 963 822 1002 τε
853 939 919 1011 τοὺς
951 938 1165 1021 ὑποδεεστέρους
1188 936 1314 1020 πρώτους

201 1051 361 1131 ξννεπῆγον
391 1051 443 1117 aad
474 1059 632 1117 τελευταῖν
662 1052 793 1124 λιπόντες
815 1055 864 1117 τοῦ
888 1050 980 1117 ἄλλον
1004 1051 1205 1134 περιῃρημένον
1227 1052 1312 1116 riuda-

201 1165 317 1247 νέστεροι
340 1164 462 1244 ἔμενοιον
485 1163 778 1251 ἕξειν,1161611116166
801 1167 955 1232 aduersus
967 1166 1156 1231 infirmiores
1168 1167 1200 1229 in
1213 1167 1311 1230 auiam

199 1279 358 1346 ducebant
379 1285 416 1344 ut
440 1282 495 1364 qui
517 1278 787 1364 relinquebantur,
812 1281 915 1362 sociis,
941 1281 1059 1363 quibus
1082 1280 1174 1363 quasi
1193 1281 1311 1343 moeni-

199 1395 261 1459 bus
292 1397 380 1458 erant
410 1395 537 1477 muniti,
567 1395 725 1478 oppressis
749 1395 857 1456 minus
880 1395 1025 1457 resistere
1047 1396 1184 1476 possent.
1208 1390 1311 1457 Sensu

198 1511 326 1593 proprio
361 1510 462 1572 utitur
496 1506 568 1588 Lys.
605 1509 660 1590 13,Ι
693 1508 741 1570 14.
777 1507 928 1572 Eiusdem
952 1509 1078 1592 generis
1102 1512 1150 1571 est
1174 1506 1312 1570 uerbum

199 1623 349 1702 κοιθοοιρεῑν.
388 1620 449 1685 cfr.
484 1623 513 1704 8,
549 1623 601 1705 92,
637 1622 677 1685 10
710 1623 768 1685 11111
797 1623 955 1706 propriam
979 1641 1070 1685 suam
1092 1622 1159 1684 uim
1183 1621 1313 1684 obtinet.
1418 1634 1421 1639 ·

199 1736 399 1802 Transfertur
432 1738 460 1819 1,
492 1738 563 1813 139,
595 1738 611 1799 1
647 1738 679 1799 τὸ
710 1735 773 1816 περὶ
798 1734 955 1817 Μεγαρέων
978 1736 1127 1816 ψήφισμα
1150 1736 1313 1807 καθελοῦσι,

198 1852 252 1916 ofr.
284 1853 313 1934 5,
338 1854 388 1934 14,
412 1853 439 1914 3.
464 1849 649 1930 Κοοθοιιρήοειν
672 1848 724 1923 τὴν
748 1853 803 1912 τῶν
826 1850 984 1924 Ἀθηναίων
1007 1848 1138 1932 δύνομιν,
1165 1851 1194 1931 3,
1219 1850 1268 1931 13,
1295 1850 1312 1911 7

199 1964 369 2038 Ἀθννοοίονς
381 1963 578 2047 κοιθοοιρήσετε,
592 1965 619 2046 1,
634 1965 706 2046 118,
724 1965 742 2025 2
757 1962 814 2026 Kal
827 1961 996 2043 κοιθοιιρετὲοι
1009 1963 1024 2034 ἡ
1038 1960 1133 2040 ἰσχύς.
1150 1961 1209 2025 Cfr.
1225 1962 1314 2044 6,83,
1332 2031 1336 2037 ,

202 2083 230 2143 2.
252 2080 336 2160 (Alia
356 2083 404 2143 est
422 2079 519 2142 huius
539 2077 631 2142 uerbi
650 2078 813 2141 translatio
829 2098 897 2161 pag.
912 2078 994 2158 107).
1006 2076 1217 2141 Accedathoo
1229 2077 1313 2160 quod

199 2213 323 2257 nouum
346 2192 476 2256 excudit
497 2192 705 2274 Thucydides,
728 2211 854 2276 quoque
875 2198 983 2276 postea
1006 2192 1134 2256 Cassius
1154 2190 1214 2255 Dio
1234 2211 1313 2256 usus

200 2310 257 2390 est,
274 2307 411 2370 uerbum
423 2304 600 2388 κνθοιιρὲτνς,
613 2307 790 2370 destruetor
801 2307 949 2387 hostium,
961 2309 990 2388 4,
1003 2307 1054 2388 83,
1068 2308 1096 2368 5.
1106 2306 1313 2370 Praetereun-

201 2421 279 2485 dum
303 2440 367 2484 non
390 2425 438 2484 est
460 2419 492 2483 id
517 2421 601 2504 quod
621 2423 785 2484 inuenitur
806 2421 834 2502 6,
848 2420 876 2503 6,
889 2423 907 2482 2
922 2416 1104 2493 ξονκνθελεῖν
1116 2419 1168 2490 τὴν
1180 2418 1312 2498 δύνομιν,

200 2535 256 2598 ofr.
281 2535 310 2617 8,
335 2534 386 2616 46,
410 2536 437 2596 2.
461 2534 614 2598 Eiusdem
638 2539 686 2598 est
708 2536 833 2618 generis
856 2530 941 2606 ἅπαξ
960 2531 1101 2613 εἰρημένον
1120 2534 1312 2599 uocabulum

183 2646 396 2727 ,εὐκοθοιίρετος
419 2649 453 2710 in
478 2650 692 2731 comparatiuo
712 2649 813 2732 gradu
834 2648 918 2731 apud
928 2648 1143 2728 Thucydidem
1156 2650 1196 2731 (7,
1211 2650 1260 2731 18,
1273 2651 1314 2731 2),

202 2780 297 2846 quem
317 2765 425 2844 postea
445 2767 573 2825 seoutus
594 2767 640 2824 est
662 2760 790 2825 Cassius
803 2759 874 2824 Dio.
888 2759 1017 2845 Legitur
1028 2760 1166 2845 denique
1177 2761 1313 2825 uerbum

201 2873 366 2954 διαιρεῖσθαι
399 2876 427 2956 5,
458 2874 509 2956 26,
540 2877 568 2936 2.
601 2873 688 2950 Quae
711 2881 815 2939 autem
841 2876 900 2938 hoo
923 2876 1023 2958 eapite
1046 2879 1233 2939 enarrantur
1254 2877 1314 2939 rite

200 2989 406 3073 perpendenti
440 2988 532 3052 facile
569 2988 737 3072 apparebit,
772 2989 874 3069 erede,
907 2989 967 3052 hoo
997 2988 1095 3052 uerbo
1125 2982 1204 3052 nihil
1227 2989 1314 3052 aliud

200 3102 373 3186 significari
400 3105 462 3167 nisi
485 3121 593 3186 paoem
617 3102 804 3186 dirumpere.
829 3101 951 3166 Graues
975 3103 1020 3166 sio
1042 3104 1240 3186 interpretari
1263 3122 1314 3167 oo·

200 3219 296 3278 natur
328 3219 363 3279 ut
386 3217 427 3279 sit
449 3214 534 3278 idem
559 3221 653 3298 atque
678 3214 824 3278 definire:
852 3216 943 3297 „how
966 3217 1042 3278 itis
1065 3215 1313 3280 characterised''

200 3328 317 3411 aliique
352 3347 424 3392 eum
459 3347 495 3391 eo
529 3328 632 3392 faeere
664 3329 823 3393 uidentur.
846 3329 1028 3392 Antistatur
1050 3327 1257 3411 Herodotum,
1281 3334 1313 3392 at

199 3460 305 3506 errore
335 3441 454 3505 labitur
477 3444 510 3504 ni
533 3442 632 3505 fallor.
657 3440 887 3525 Comparantur
908 3442 983 3504 lieet
1006 3441 1067 3504 loui
1087 3461 1167 3525 quos
1186 3442 1311 3506 laudat:

199 3554 316 3619 Herod.
341 3557 371 3637 2,
395 3555 431 3636 63
458 3556 486 3638 7,
511 3555 561 3637 16,
584 3556 635 3638 47,
660 3556 700 3618 50
725 3561 755 3620 et
780 3555 953 3635 1033nihil
965 3555 1082 3620 adrem
1095 3554 1224 3620 faciunt.
1238 3555 1313 3621 Sine

199 3668 266 3733 nlla
286 3668 483 3732 dubitatione
504 3667 617 3748 διαιρεῖν
637 3689 869 3752 nonnunquam
887 3669 970 3733 idem
993 3674 1040 3733 est
1059 3689 1095 3733 au
1107 3669 1246 3753 definire,
1258 3671 1314 3736 sed

200 3802 265 3846 non
285 3783 348 3846 nisi
368 3783 641 3866 argumentatione
661 3782 753 3866 longe
773 3785 882 3866 petita,
902 3782 1059 3846 Stahlium
1076 3785 1204 3867 secutis,
1215 3784 1314 3849 uerba

201 3896 241 3959 de
265 3893 383 3979 quibus
407 3897 520 3978 agitur,
544 3897 589 3959 sie
611 3897 810 3978 interpretari
833 3895 925 3958 nobis
949 3896 1039 3959 lieet:
1061 3897 1219 3979 quomodo
1239 3897 1314 3962 defi-

200 4012 305 4073 nitum
328 4011 369 4073 sit
392 4028 508 4072 nomen
532 4004 718 4085 ξυμβάτεως.
742 4009 808 4072 Alii
832 4013 947 4093 putant
969 3990 1130 4073 lacerandi
1151 4012 1219 4074 uim
1239 4012 1314 4075 huic

200 4122 298 4187 uerbo
329 4124 435 4187 inesse
465 4123 518 4186 6111
549 4123 809 4206 interrumpendi.
837 4123 882 4186 At
905 4123 1006 4187 multo
1029 4124 1145 4187 melius
1169 4124 1229 4187 hoe
1252 4130 1313 4188 sta-

200 4237 356 4301 tuendum
379 4237 522 4302 uidetur:
549 4256 630 4320 quae
657 4238 782 4321 proprie
805 4237 844 4300 de
866 4240 951 4300 muri
973 4239 1067 4300 ruina
1089 4237 1240 4302 dicuntur
1262 4239 1313 4302 hie

200 4350 436 4416 transferuntur
465 4353 499 4414 in
529 4351 641 4415 foedus
665 4352 885 4435 rumpendum.
910 4351 1014 4416 Sensu
1036 4354 1162 4436 proprio
1186 4355 1312 4437 saepius
