3038 4980
722 461 786 526 104
906 416 910 423 ⁴

206 653 362 716 Gallicum
397 651 490 734 ,chef
518 648 696 714 d’oeuvre”.
727 651 756 731 3,
779 649 832 731 82,
857 649 872 710 l
899 646 1056 724 ἀγώνισμοι
1079 643 1217 722 ξυνέσεως
1239 669 1315 733 pru-

206 767 330 830 dentiae
352 766 545 849 praemium3
570 782 708 846 quocum
732 765 931 846 comparetur
956 762 985 839 1,
1006 762 1057 844 33,
1077 763 1096 824 2
1116 760 1315 842 aitardldcm

205 880 342 963 denique
373 877 508 943 uerbum
531 877 646 961 legitur
673 878 701 960 l,
727 877 778 958 22,
800 876 821 936 4
844 875 878 938 in
901 876 940 939 iis
965 895 1102 959 quorum
1126 875 1197 939 laus
1219 876 1314 961 longe

198 993 326 1076 lateque
349 995 498 1074 uagatur,
523 991 575 1053 hic
598 989 684 1054 ualet
706 988 791 1054 idem
815 993 909 1071 atque
935 1008 1015 1072 opus
1038 988 1208 1072 quoddam,
1230 992 1314 1053 utin

199 1106 377 1186 certamine,
407 1123 472 1168 non
495 1103 535 1167 ad
558 1123 653 1167 usum
677 1103 733 1167 sed
755 1103 795 1166 ad
818 1105 1061 1167 ostentationem
1085 1107 1313 1187 comparatum.

199 1215 312 1295 Κσῆμσὶ
342 1241 375 1279 τε
404 1217 433 1287 ἐς
464 1213 512 1279 ast
544 1221 659 1293 μᾶλλον
690 1212 707 1288 ἢ
738 1213 895 1293 ιἰνώνισμοι
918 1216 947 1288 ἐς
971 1215 1003 1279 τὸ
1026 1213 1216 1296 ποιροὶχρνμοι
1239 1213 1313 1294 ξον-

199 1353 300 1395 κεισοιι.
324 1331 422 1416 Apud
443 1330 512 1396 Pol.
538 1332 566 1414 3,
590 1331 641 1412 31,
666 1331 706 1391 le
731 1332 902 1414 opponitur
926 1333 998 1395 uoci
1021 1328 1158 1408 μάθημα.
1184 1330 1314 1415 Siquis

199 1446 347 1510 historias
378 1444 519 1510 scribens
551 1464 616 1508 non
646 1449 754 1508 narrat
784 1463 882 1529 quare
906 1449 936 1509 et
959 1445 1119 1528 quomodo
1142 1448 1199 1509 aut
1220 1447 1315 1510 euius

199 1561 235 1623 in
269 1561 401 1643 gratiam
437 1577 583 1647 quaeque
617 1577 667 1623 res
701 1562 790 1642 gesta
824 1559 866 1622 sit
899 1562 930 1623 et
963 1562 1071 1623 utrum
1109 1578 1160 1624 res
1192 1559 1313 1624 bonurn

199 1671 347 1737 habuerit
381 1673 505 1736 exitum
535 1689 644 1754 necne,
676 1672 802 1736 silentio
832 1674 981 1756 praeterit
1009 1672 1042 1736 τὸ
1065 1672 1315 1751 κοσσλεισδμενσν

203 1786 297 1859 αὐτῆς
327 1784 486 1862 οὶρώνισμοο
518 1784 572 1862 μὲν
604 1781 733 1862 (adduam
755 1783 785 1847 δὲ
807 1785 838 1848 οὗ
863 1784 1005 1863 γίγνεται.
1027 1783 1217 1871 Respiciunt
1239 1788 1316 1853 haec

201 1898 302 1964 uerba
325 1900 496 1964 certamina
520 1898 714 1963 Graecorum
738 1900 861 1963 musica
883 1919 920 1963 ac
942 1903 1071 1984 poetica.
1093 1901 1215 1966 Putant
1237 1921 1313 1966 non-

199 2013 282 2076 nulli
313 2013 362 2077 his
392 2010 499 2076 uerbis
530 2015 611 2076 tecte
642 2013 727 2095 carpi
758 2011 967 2095 Herodotum,
992 2016 1145 2096 quicum
1169 2015 1315 2081 historias

199 2145 274 2191 suas
314 2127 476 2192 recitasset
515 2127 638 2210 ingenti
678 2127 823 2190 omnium
863 2126 978 2211 plausu
1017 2132 1171 2211 exceptus
1209 2128 1314 2194 fuerit.

198 2241 307 2325 Atque
332 2243 449 2305 attente
472 2241 528 2324 qui
553 2241 666 2324 legerit
689 2239 717 2322 1,
740 2239 883 2323 ao,3(in
894 2239 969 2325 fine)
984 2260 1100 2326 negare
1110 2261 1176 2306 non
1190 2246 1312 2328 poterit,

201 2356 303 2440 oredo,
325 2356 407 2420 hanc
431 2357 610 2440 opinionem
634 2375 704 2421 esse
727 2355 942 2421 uerisimilem.
971 2413 972 2416 ,

246 2465 386 2546 “Aptata
408 2470 524 2554 legitur
547 2488 645 2534 sensu
667 2469 733 2534 fere
755 2471 881 2555 proprio
906 2470 935 2553 6,
948 2471 999 2554 32,
1012 2472 1041 2536 9.
1054 2471 1161 2554 Atque
1173 2473 1310 2555 primum

200 2585 295 2669 longa
318 2586 398 2648 serie
420 2585 608 2668 nauigantes
631 2586 666 2646 in
689 2582 829 2648 Siciliam
851 2583 1048 2667 profecturae
1069 2603 1170 2650 naues
1189 2588 1254 2649 iam
1273 2587 1310 2651 ad

201 2699 358 2781 Aeginam
390 2715 493 2782 usque
523 2695 657 2774 ἅμιλλαν
686 2695 837 2760 ἐποιοῦντο.
868 2696 1031 2763 Translate
1055 2717 1152 2763 sensu
1176 2701 1206 2784 8,
1231 2701 1261 2784 6,
1283 2703 1310 2763 9.

201 2810 442 2894 Tissaphernem
473 2812 556 2874 inter
586 2815 617 2875 et
646 2809 889 2874 Pharnabazum
910 2807 1147 2887 cottidianae
1171 2811 1310 2891 ἐγίγνετο.

202 2924 244 2988 Et
269 2924 297 3007 6,
321 2925 371 3007 31,
396 2926 415 2987 3
439 2923 1045 3007 1191191919961919916οὰμιλλσ1σθοιι,
1072 2945 1186 3010 magno
1207 2929 1311 2991 studio

201 3041 284 3102 inter
314 3056 348 3101 se
379 3042 574 3102 certaverant
604 3057 765 3102 armorum
796 3043 827 3102 et
849 3039 985 3103 uestitus
1004 3039 1168 3124 elegantia.
1191 3040 1312 3108 Eodem

203 3150 296 3215 modo
320 3170 393 3214 cum
417 3152 518 3215 utitur
540 3151 639 3216 uerbo
662 3148 851 3229 μνονίζεσθοιι
874 3153 903 3233 1,
922 3152 972 3234 69,
993 3153 1146 3217 5auctori
1158 3155 1312 3239 palaestra

203 3264 405 3328 obuersatur:
441 3264 469 3334 ἐς
504 3262 603 3343 edgar
637 3263 705 3344 πρὸς
739 3264 837 3343 πολλῷ
872 3263 1078 3346 iuvarentur
1107 3266 1313 3348 ἀγωνιζόμενοι

201 3382 393 3451 κιισοιστῆνοιι.
429 3377 481 3443 Sic
513 3380 542 3461 8,
573 3379 624 3461 68,
655 3380 672 3440 1
708 3378 793 3460 ,τοὺς
815 3377 1063 3458 οὶρωνιζομένονς”
1086 3388 1118 3447 et
1139 3386 1174 3447 in
1198 3387 1313 3469 causis

203 3512 285 3576 quae
313 3493 347 3555 in
370 3492 487 3556 iudicio
511 3494 597 3557 etin
621 3495 662 3558 iis
685 3513 768 3577 quae
790 3495 875 3577 apud
899 3496 1052 3579 populum
1076 3503 1225 3582 aguntur.
1251 3499 1311 3566 cfr.

202 3609 231 3688 5,
264 3607 314 3688 69,
346 3607 382 3687 1,
413 3609 443 3688 4,
474 3608 526 3688 87,
557 3607 593 3688 6,
625 3609 655 3689 8,
686 3609 738 3690 89,
769 3610 797 3670 4.
825 3608 867 3673 Et
892 3611 922 3692 4,
947 3610 997 3692 98,
1021 3610 1038 3671 7
1065 3611 1313 3689 οὶνοιντοιγώνιστοι

197 3720 255 3783 ’ἀπ’
279 3720 373 3782 αὐτῶν
396 3720 446 3782 οὐκ
467 3718 588 3783 οὶοιίοισιν
610 3740 674 3784 non
698 3723 767 3786 sine
790 3725 961 3788 certamine
984 3724 1155 3808 discedent,
1177 3728 1311 3793 91οέντσι-

202 3831 383 3913 ρωνιζόμενοι
406 3839 467 3904 τοῖς
491 3832 622 3911 λέγουσιν
646 3837 674 3917 3,
694 3836 744 3913 86,
766 3837 793 3900 6.
813 3832 1165 3918 Ροποξννοιμωνίζεσθοοι
1179 3843 1208 3925 3,
1221 3844 1272 3926 82,
1284 3845 1311 3906 8.

201 3949 354 4014 Eiusdem
388 3951 513 4034 generis
547 3969 615 4015 esse
650 3951 778 4015 uidetur
809 3953 838 4033 5,
870 3953 931 4016 101
963 3952 1031 4033 πρὸς
1061 3953 1127 4026 τοὺς
1150 3954 1313 4034 κρείσσονας

203 4063 301 4141 πολλῷ
324 4061 367 4140 μὴ
392 4060 591 4128 ἀνθίστασθαι.
615 4063 813 4148 Comparatio
838 4067 990 4149 quaedam
1016 4070 1099 4132 inest
1117 4069 1168 4134 his
1186 4071 1310 4135 uerbis:

203 4175 260 4256 tata
293 4175 322 4239 δ’
355 4175 490 4240 ε’τοιινίοον
520 4199 553 4239 τε
582 4174 633 4239 κοιὶ
664 4177 858 4258 προσήρχοντο
889 4176 981 4259 ὥσπερ
1012 4178 1134 4262 ἀθλητῇ.
1168 4182 1214 4247 Ut
1236 4184 1311 4249 haee

201 4291 297 4355 Thuc.
320 4294 446 4376 scripsit
468 4293 506 4356 de
529 4291 663 4357 Brasida
685 4294 730 4357 sic
755 4293 792 4356 de
815 4293 936 4388 Pericle
959 4294 1045 4359 Plut.
1065 4295 1178 4361 Pericl.
1203 4299 1252 4361 28.
