3038 4980
733 515 775 578 20

201 708 238 789 13
264 706 292 789 7,
316 706 367 789 37,
391 706 420 768 2.
443 703 549 770 Uerbo
572 700 694 781 βλέπειν
717 701 801 786 apud
824 700 1040 782 Thucydidem
1060 700 1120 763 hoo
1142 699 1227 763 idem
1250 718 1317 762 non

199 825 338 885 notatur.
360 819 444 884 Fieri
466 823 570 884 tanmn
593 821 696 903 potest
718 820 754 880 ut
774 817 876 900 magis
896 813 987 880 uerbi
999 812 1204 900 amplificatio
1217 833 1315 897 quam

200 934 364 999 translatio
388 936 430 999 sit
453 933 593 998 dicenda.

245 1049 398 1134 Sequitur
432 1046 522 1126 ὑγιής.
556 1046 707 1112 Ualitudo
741 1048 804 1111 iam
834 1046 919 1130 apud
949 1044 1126 1110 Homerum
1151 1048 1182 1109 et
1204 1048 1315 1129 postea

200 1163 286 1247 apud
308 1163 426 1228 multos
450 1163 528 1227 alios
552 1163 721 1247 scriptores
742 1162 777 1224 in
799 1160 898 1224 animi
918 1161 1099 1243 mentisque
1111 1159 1198 1223 uires
1210 1162 1315 1223 trans·

200 1276 310 1360 fertur,
342 1277 387 1340 ita
417 1279 523 1340 tamen
552 1280 587 1340 ut
609 1274 675 1342 fere
697 1294 821 1359 semper
844 1274 952 1357 aliqua
975 1274 1101 1357 negatio
1125 1273 1167 1336 sit
1189 1272 1315 1353 addita3

201 1393 248 1455 sic
270 1392 453 1456 indicantur
474 1410 525 1455 res
548 1396 579 1455 et
600 1409 753 1475 personae
775 1409 841 1453 non
861 1407 966 1472 sanae,
986 1388 1101 1453 stultae
1121 1408 1158 1451 ac
1171 1388 1314 1452 stolidae.

200 1503 261 1569 His
285 1504 411 1569 duobus
434 1505 514 1588 locis
536 1505 673 1568 occurrit
696 1504 781 1588 apud
803 1502 943 1584 Thucyd.
969 1503 1000 1585 4,
1024 1503 1075 1579 22,
1099 1503 1118 1565 3
1141 1499 1214 1564 ἀλλ’
1239 1497 1268 1564 εί
1286 1522 1314 1563 τι

201 1617 279 1696 ὑγιὲς
313 1617 499 1691 διανοοῦνται,
532 1620 560 1684 si
590 1618 667 1702 quid
699 1619 770 1683 sani
800 1619 974 1702 cogitarent
997 1617 1026 1700 3,
1052 1616 1103 1699 75,
1127 1617 1149 1678 4
1173 1616 1210 1689 ὥς
1235 1616 1317 1680 οὐδὲν

200 1731 295 1794 αὐτῶν
329 1728 408 1809 ὑγιές
441 1729 651 1809 διανοουμένων.
684 1731 737 1796 Sic
771 1732 866 1796 etiam
898 1729 985 1795 Caes·
1015 1730 1051 1794 B.
1076 1729 1113 1794 G.
1139 1731 1168 1813 5,
1193 1730 1210 1792 7
1235 1730 1318 1794 nihil

201 1846 288 1910 hunc
313 1865 347 1911 se
370 1845 500 1912 absente
522 1867 579 1932 pro
603 1866 680 1911 sano
703 1845 861 1911 facturum
885 1844 1063 1910 arbitratus.

245 1959 354 2025 Naues
386 1961 590 2026 uehementer
620 1964 754 2025 nexatae
786 1960 937 2024 dicuntur
961 1959 1124 2039 infirmae;
1148 1959 1181 2021 in
1207 1959 1319 2024 eadem

202 2094 315 2140 rursus
350 2076 540 2160 cogitatione
573 2074 761 2140 uersabatur
794 2073 934 2156 Thucyd.
964 2074 1041 2139 haec
1073 2071 1233 2138 scribens:
1266 2069 1320 2136 καὶ

201 2191 257 2252 τῶν
281 2186 425 2269 σφετέρων
449 2191 515 2252 νεῶν
538 2192 593 2253 τῶν
617 2187 820 2268 αἰχμαλώτων
842 2184 907 2251 ίσαι
928 2179 1003 2260 ἦσαν
1022 2186 1112 2264 ὑγιεῖς
1133 2185 1318 2273 ἐκομίσαντο,

202 2320 283 2386 quae
306 2322 407 2368 naues
430 2304 470 2367 ad
492 2303 711 2387 nauigandum
735 2302 831 2367 utiles
853 2306 944 2367 erant
968 2303 996 2385 8,
1021 2301 1093 2384 107,
1117 2303 1145 2365 2.

245 2416 291 2480 Ut
324 2436 439 2501 corpus
469 2417 610 2502 grauiter
640 2417 763 2481 laesum
795 2417 984 2481 uulneratur
1015 2417 1061 2480 sie
1083 2415 1163 2480 ahae
1187 2435 1320 2501 quoqne

200 2548 251 2594 res
274 2530 440 2594 uulnerari
466 2530 625 2594 dicuntur.
649 2529 702 2594 Sic
724 2532 754 2613 4,
779 2532 830 2615 14,
856 2531 873 2593 1
899 2526 1025 2610 ἔτρωσαν
1047 2526 1171 2602 aranda,
1197 2532 1318 2597 multas

200 2663 301 2709 naues
323 2643 497 2729 fregerunt.
522 2643 571 2710 De
593 2645 732 2710 nauibus
754 2665 821 2709 non
844 2647 908 2710 nisi
930 2665 1001 2709 raro
1025 2646 1194 2730 scriptores
1218 2651 1318 2711 utun-

201 2761 254 2822 tur
287 2757 386 2823 uerbo
422 2757 592 2839 τιτρώσκειν.
624 2757 684 2822 Cfr.
715 2758 834 2824 Herod.
865 2761 894 2843 8,
920 2760 960 2823 18
991 2760 1076 2844 apud
1100 2779 1196 2843 quem
1220 2762 1318 2825 etiam

202 2854 231 2955 6,
255 2872 296 2935 16
319 2872 437 2956 legitur
459 2875 570 2956 τρῶμα,
595 2893 668 2937 cum
693 2875 799 2958 agitur
822 2874 861 2938 de
883 2873 1023 2939 nauibus
1046 2874 1148 2939 laesis.

247 2984 316 3061 Quo
347 2987 418 3051 iure
440 2985 579 3051 Homero
601 2987 637 3051 Il.
663 2990 691 3071 7,
716 2989 796 3069 258,
822 2988 873 3071 13,
898 2989 961 3051 552
986 2989 1089 3054 dicere
1112 2989 1204 3053 licuit
1225 2986 1316 3053 οὔτοί-

200 3096 258 3178 ζειν
291 3096 380 3172 σοίκος
414 3089 524 3166 eodem
561 3104 697 3186 optimae
729 3103 911 3187 graecitatis
942 3107 1087 3168 auctores
1118 3103 1223 3167 dicere
1255 3102 1318 3166 sibi

200 3213 296 3279 licere
336 3215 547 3298 crediderunt,
582 3235 655 3280 cum
699 3217 738 3281 de
776 3215 915 3281 nauibus
950 3217 1153 3281 uehementer
1186 3219 1317 3282 uexatis

200 3332 355 3412 ageretur,
386 3348 439 3394 eas
470 3348 539 3394 esse
571 3330 767 3396 uulneratus.
798 3328 858 3393 cfr.
886 3329 1006 3395 Pollux
1031 3330 1162 3412 1,125;
1187 3330 1317 3414 4,189.

201 3439 353 3507 Similiter
383 3441 459 3506 alibi
489 3443 605 3508 dicitur
634 3446 924 3524 κατατραυματίζων
958 3444 986 3528 7,
1008 3444 1060 3528 41,
1085 3447 1122 3525 4,
1148 3446 1177 3527 8,
1202 3445 1253 3527 10,
1276 3446 1317 3527 4,

201 3555 232 3637 8,
264 3557 316 3639 42,
350 3558 377 3620 3.
407 3557 504 3642 Apud
534 3555 627 3622 Diod.
658 3558 719 3623 Sic.
754 3560 804 3642 13,
835 3559 878 3622 40
903 3559 1039 3623 occurrit
1062 3556 1319 3639 κατατιτρώσκειν.

202 3667 262 3732 Cir.
285 3668 352 3734 Liv.
377 3673 428 3755 37,
453 3666 504 3756 24,
528 3674 555 3736 8.
578 3673 755 3738 Uulnerata
777 3674 880 3737 nauis.

244 3782 328 3856 Οὐκίι
351 3789 399 3850 est
422 3786 561 3849 cicatrix.
587 3783 734 3850 “Tarraca
756 3787 790 3851 id
814 3787 930 3851 dicitur
951 3787 1037 3870 quod
1055 3787 1133 3851 latet
1152 3786 1213 3851 sub
1234 3789 1318 3852 cica-

199 3897 278 3960 trice
307 3916 368 3962 neo
398 3900 598 3964 extrinsecus
625 3901 765 3984 conspici
787 3904 891 3985 potest
913 3938 951 3947 -
980 3901 1065 3984 quod
1092 3902 1237 3966 cicatrice
1262 3901 1318 3966 ob-

114 4009 117 4016 '
200 4010 332 4075 ductum
355 4017 551 4078 nontamen
574 4019 779 4098 personatum
802 4019 858 4080 est.
878 4013 966 4079 Hine
985 4017 1121 4100 tropice:
1144 4016 1317 4103 occultum,

199 4122 370 4189 subdolum
397 4124 451 4198 ria
472 4126 532 4191 οίτὸ
555 4129 611 4190 τῶν
634 4126 793 4201 Ἀθηναίων
816 4124 938 4192 ι’ίντουκον
967 4127 1142 4206 αὐτονομίαν
1164 4128 1195 4192 οὐ
1218 4152 1316 4210 τροτι-

198 4237 348 4317 μήσαντες
382 4243 412 4326 8,
448 4241 499 4325 64,
535 4243 563 4305 5.
601 4242 818 4308 Pulcherrima
849 4244 933 4307 inter
963 4262 1032 4308 sese
1061 4247 1268 4328 opponuntur
1297 4244 1316 4318 ἡ

198 4348 329 4435 τ’ίντικρυς
359 4355 509 4437 ἐλευθερία,
539 4356 560 4419 i.
572 4375 599 4422 6.
636 4358 759 4422 sincera
788 4356 917 4422 libertas
948 4361 1045 4442 atque
1073 4353 1197 4430 ὕπουλος
1226 4358 1319 4422 αὐτο-
