3038 4980
738 491 779 554 74

202 678 232 743 3.
264 672 401 756 &aaaron
422 672 592 756 ε’κροιγὲντες
615 671 664 738 ἐπὶ
687 673 736 738 τὸν
758 671 932 753 Ἀστύοχον.
959 674 1019 740 cfr.
1043 674 1162 742 Herod.
1187 677 1218 761 6,
1244 679 1320 775 129,

200 789 256 853 ubi
286 785 424 867 κοιτέχειν
455 790 632 873 oppositum
665 789 839 871 inuenitur,
866 795 992 868 κοιτεῖχε
1017 786 1126 861 icardo,
1151 789 1183 853 οὐ
1211 789 1318 867 βουλό-

201 925 286 980 μενος
313 901 475 982 ἐκραγῆναι.
502 901 562 966 Ofr.
586 901 703 967 Herod.
726 900 905 967 Domantur
928 904 1003 987 equi
1026 903 1170 988 aliaeque
1192 903 1318 973 bestiae

201 1020 412 1081 contumaces.
444 1015 524 1080 Inde
555 1016 736 1099 metaphora
765 1020 891 1100 sumpta
917 1016 944 1098 7,
968 1016 1020 1099 81,
1044 1016 1063 1078 5
1087 1015 1318 1095 κοντιοδοιριοιτινὶ-

201 1152 293 1208 μενοι.
313 1129 466 1209 λήψεσθοιι.
501 1129 618 1214 Negari
652 1134 757 1193 tamen
787 1149 852 1193 non
882 1133 986 1214 potest
1015 1129 1234 1211 Thucydidem
1266 1134 1318 1198 his

200 1243 308 1308 uerbis
332 1263 427 1307 neum
452 1246 596 1307 secutum
620 1261 690 1307 esse
708 1246 827 1326 poetas.
847 1244 877 1305 A
897 1242 1073 1308 calcaribus
1093 1244 1164 1309 siue
1176 1246 1318 1311 stimulis

201 1356 319 1441 quibus
349 1355 448 1421 boues
473 1357 612 1440 equique
634 1357 827 1441 instigantur
850 1357 909 1421 hae
930 1356 1088 1441 profectae
1111 1363 1314 1425 1111111111-

199 1473 351 1536 lationes:
376 1473 405 1555 8,
431 1471 482 1555 63,
507 1468 771 1551 3προ1ιτρέψοιντο.
798 1472 827 1555 7,
851 1472 903 1554 25,
929 1471 957 1555 l,
979 1468 1136 1551 ἐποτρύνειν
1161 1477 1192 1537 et
1214 1475 1243 1557 6,
1264 1475 1318 1559 69,

202 1588 221 1649 2
255 1585 326 1666 (Gir.
358 1584 453 1651 Hom.
479 1584 535 1649 Od.
560 1587 612 1668 22,
636 1585 707 1648 152.
730 1584 824 1648 Tacit.
847 1583 930 1649 Hist.
955 1586 984 1668 2,
1007 1586 1050 1647 24
1074 1585 1166 1650 dicit:
1189 1576 1317 1655 imitare

201 1700 376 1784 proelium).
410 1699 439 1782 1,
470 1699 521 1782 67,
555 1701 592 1780 2,
626 1699 655 1781 6,
687 1699 738 1782 15,
767 1700 786 1760 2
818 1695 938 1775 ἕνοένειν.
966 1699 993 1782 1,
1017 1698 1068 1780 69,
1092 1700 1129 1781 2,
1155 1701 1185 1782 8,
1210 1702 1262 1785 46,
1287 1702 1316 1785 1,

201 1810 373 1891 ἐπείγεσθαι.
405 1815 436 1898 4,
462 1813 513 1898 12,
539 1813 555 1875 l
581 1810 745 1905 ε’τέοπερχε
766 1816 906 1876 τοιοιῦτονι
930 1813 980 1877 his
1004 1809 1111 1877 uerbis
1134 1814 1315 1899 instigabat.

200 1927 271 1991 Hoc
303 1946 368 1991 uno
399 1926 467 1990 loco
491 1928 574 2011 apud
597 1926 822 2009 Thucydidem,
845 1945 905 1991 nec
928 1927 1023 1991 ceteri
1047 1927 1146 1990 Attici
1169 1933 1317 2014 utuntur,

204 2042 257 2107 cfr.
284 2045 390 2105 tamen
408 2039 503 2104 Hom.
527 2039 585 2105 Od.
604 2042 656 2123 22,
675 2042 757 2121 451,
778 2037 880 2120 κέντρῳ
896 2037 981 2124 (τοὺς
993 2035 1117 2125 ἵππους)
1132 2038 1317 2122 ἐπισπέρχων

202 2155 326 2240 legitur.
358 2153 396 2217 Il.
426 2155 478 2236 23,
508 2154 581 2218 430.
611 2151 659 2217 De
689 2153 827 2218 nauibus
860 2155 963 2217 utitur
984 2152 1077 2217 Hom.
1102 2152 1160 2217 Od.
1185 2156 1215 2237 5,
1240 2157 1315 2224 304.

202 2268 276 2333 Huc
310 2268 425 2332 addere
459 2267 533 2333 licet
561 2270 591 2350 4,
624 2267 696 2349 126,
727 2268 746 2329 6
777 2263 840 2346 ὄψει
871 2263 901 2329 δὲ
925 2262 976 2329 acl
999 2266 1070 2347 ἀκοῇ
1096 2267 1314 2350 κοιτοιτπέρχον.

204 2383 296 2448 Falso
319 2384 544 2466 interpretatus
568 2386 616 2446 est
638 2380 805 2445 scholiasta
827 2379 998 2453 ἐκπλῆττον.
1020 2380 1108 2445 Haec
1127 2383 1207 2446 mihi
1226 2385 1316 2450 uide·

202 2500 256 2562 tur
285 2497 517 2580 interpretatio:
549 2500 649 2559 terror
680 2496 736 2578 qui
767 2493 806 2558 ab
836 2495 877 2558 iis
901 2496 1002 2559 oritur
1025 2514 1137 2561 reuera
1159 2496 1244 2563 leuis
1267 2505 1315 2564 est
1420 2503 1422 2562 ἶ

202 2613 234 2675 et
255 2629 318 2673 non
342 2610 405 2673 nisi
427 2609 501 2673 uisu
526 2612 622 2692 atque
644 2608 755 2673 auditu
779 2609 925 2693 concitat,
950 2609 1036 2672 hunc
1056 2611 1090 2672 in
1110 2629 1170 2675 uos
1191 2612 1315 2677 irruen-

201 2727 275 2806 tem,
296 2719 508 2803 ἐπιφερόμενον,
533 2722 683 2787 audacter
706 2723 868 2787 sustinete.

245 2836 297 2900 Ab
332 2836 420 2901 asino
455 2855 550 2900 onera
583 2836 702 2901 ferente
738 2834 777 2898 ob
811 2836 1052 2900 similitudinem
1077 2825 1316 2904 1111111111111

202 2925 314 3014 Graeci
344 2968 470 3032 nomen,
494 2969 558 3033 quo
580 2949 758 3013 indicarent
781 2949 957 3012 machinam
983 2950 1153 3033 quandam,
1175 2952 1230 3015 cui
1252 2951 1314 3016 Ro-

201 3065 289 3128 mani
318 3064 473 3128 dederunt
503 3082 617 3127 nomen
653 3063 807 3126 suculam.
830 3062 919 3126 ldem
944 3063 1029 3146 quod
1052 3060 1120 3135 ὄνος,
1147 3068 1184 3129 ut
1207 3070 1316 3131 uetera

202 3180 314 3244 docent
335 3178 460 3261 Lexica,
483 3179 568 3242 ualet
591 3175 717 3258 νὲροινος,
740 3198 826 3262 grus.
849 3176 901 3240 Ab
927 3173 1026 3259 „taor”
1050 3181 1154 3241 ortum
1175 3185 1225 3244 est
1244 3200 1315 3246 ner-

201 3293 279 3357 bum
303 3288 455 3374 1νεύειν7,
478 3293 529 3372 25,
553 3292 572 3354 6
596 3292 720 3356 trahere
742 3292 862 3356 sucula.
887 3290 1012 3356 Strattis
1036 3294 1077 3356 30
1102 3292 1137 3377 (Ι,
1163 3294 1248 3376 719).

245 3407 334 3469 Aous
364 3406 562 3487 comatoriae,
593 3424 675 3489 quae
703 3403 804 3468 forma
826 3404 942 3468 cicadis
966 3410 1055 3470 erant
1077 3405 1208 3491 similes,
1230 3407 1315 3474 dice-

201 3518 318 3583 bantur
340 3515 480 3596 τέττιγες.
504 3518 565 3583 cfr.
590 3520 618 3602 1,
642 3519 671 3602 6,
695 3521 723 3582 3.

247 3628 455 3712 Δελφινόφοροι
488 3637 609 3716 κερονῖιιι,
641 3634 669 3715 7,
699 3632 751 3714 41,
782 3634 801 3695 2
833 3637 909 3697 sunt
938 3632 1042 3698 trabes
1070 3633 1122 3697 uel
1155 3639 1313 3700 antennae

203 3746 319 3830 quibus
350 3745 486 3827 δελφῖνες
518 3751 594 3811 sunt
624 3747 706 3831 apti;
733 3744 836 3826 δελφίς
860 3749 965 3810 autem
990 3751 1038 3811 est
1061 3747 1313 3813 instrumentum

201 3860 277 3925 belli
308 3861 448 3945 delphini
470 3860 573 3944 figura
594 3860 759 3945 formaque
782 3879 823 3924 ex
845 3860 976 3944 plumbo
999 3860 1053 3924 uel
1077 3880 1118 3925 ex
1141 3860 1224 3926 ferro
1250 3863 1313 3928 fao·

203 3979 271 4039 tum
296 3976 381 4059 quod
404 3974 443 4039 ab
466 3979 603 4040 antenna
625 3976 658 4038 in
682 3975 820 4038 hostium
846 3993 946 4038 naues
970 3973 1201 4041 demittebatur.

247 4087 339 4172 Χηλὴ,
362 4092 392 4172 8,
416 4091 467 4173 90,
490 4091 527 4170 4,
553 4090 581 4171 1,
605 4089 658 4174 63,
683 4090 719 4153 1:
745 4089 773 4170 7,
797 4090 847 4171 53,
870 4089 898 4170 1,
916 4091 1042 4173 proprie
1054 4089 1187 4172 ungula.
1200 4089 1314 4157 Trans·

202 4203 302 4268 latum
325 4205 384 4267 hoc
406 4203 599 4267 uocabulum
624 4206 671 4267 est
692 4203 848 4266 terminus
866 4202 1039 4266 technicus.
1058 4201 1164 4267 Latini
1182 4205 1315 4271 dicunt:

203 4317 311 4402 molae,
341 4317 477 4401 crepido.
508 4315 596 4380 Haec
618 4315 713 4381 habet
735 4315 919 4380 scholiasta:
945 4313 1028 4390 Χιρλ1
1051 4321 1185 4382 κοιλεῖτοιι
1208 4317 1233 4382 οἱ
1254 4316 1310 4397 ἔμ-
