3038 4980
746 506 787 568 85

204 691 367 757 Inutiliter
388 692 482 756 eredo
505 689 742 756 Herwerdenus
765 691 920 755 correxit:
941 690 1035 770 ὀρθοῖς.
1057 688 1117 754 Ofr.
1137 689 1231 774 Soph.
1244 689 1319 756 Oed.

203 804 242 871 R.
275 805 316 868 50
347 804 404 868 ubi
434 804 552 888 legitur
583 803 612 875 ἐς
638 803 711 883 ὀρθὸν
733 807 846 887 artum,
868 822 950 887 quae
970 803 1069 868 uerba
1089 803 1118 875 ἕρ
1141 800 1214 884 ὀρθάν
1235 805 1319 869 idem

204 917 315 982 ualent
337 922 432 1001 atque
453 917 542 998 ὀρθῶς.
570 915 631 980 Ofr.
655 918 750 981 etiam
770 916 882 999 Polyb.
906 918 957 1000 33,
978 917 1029 1000 12,
1050 918 1069 981 3
1089 917 1172 998 ὀρθῶς
1190 913 1320 982 ἵσταντο.

250 1033 280 1115 2,
303 1031 354 1115 61,
378 1033 396 1094 2
422 1028 508 1109 λόγος
528 1027 753 1113 (1161161111,
775 1036 823 1096 661
834 1032 932 1115 igitur
944 1033 1024 1095 ratio
1035 1030 1127 1096 firma
1139 1050 1175 1096 ae
1188 1014 1336 1097 stabilis.¹

247 1142 370 1222 Βὲβνινς
392 1146 421 1210 16
445 1150 502 1228 661,
524 1147 581 1228 qui
605 1147 755 1209 uariuatis
778 1149 841 1209 stat
860 1145 994 1229 pedibus
1013 1147 1059 1209 ita
1078 1150 1190 1209 utnon
1204 1147 1321 1230 queuis

203 1260 288 1324 labet
312 1263 481 1324 momente.
504 1259 705 1324 Transfertur
731 1260 759 1342 1,
785 1259 858 1343 122,
886 1260 902 1320 l
927 1255 1121 1339 βεβαιότερος,
1136 1260 1244 1326 tutior.
1260 1258 1320 1324 cfr.

204 1376 234 1457 4,
266 1373 338 1457 132,
363 1374 382 1435 2
405 1368 576 1449 liettardum,
600 1372 686 1437 fides.
710 1370 776 1435 Ofr.
801 1373 830 1455 5,
857 1374 908 1455 43,
933 1373 952 1434 3
976 1371 1007 1435 οὐ
1031 1369 1172 1449 βεβαίους
1195 1368 1319 1453 Φνέσκων

203 1481 272 1550 εἶννν
295 1484 551 1564 Λακεδαιμονίους,
577 1485 843 1551 Lacedaemonios
866 1504 931 1548 non
955 1503 1025 1549 6666
1047 1483 1165 1550 fideles.

246 1599 374 1664 Dicitur
396 1597 509 1663 πτνίενν
533 1601 589 1684 qui
613 1600 652 1664 ad
675 1620 791 1664 saxum
815 1599 944 1663 aliudue
965 1598 1043 1682 quid
1055 1598 1167 1682 pedem
1181 1598 1319 1663 offendit.

202 1714 379 1778 Translatio
410 1714 485 1779 inde
516 1719 589 1779 nata
622 1715 748 1798 1,122‚
774 1714 790 1776 1
815 1713 865 1778 οὐκ
888 1709 1003 1776 ἐλάσσω
1026 1711 1132 1778 anate.
1160 1712 1245 1777 Illud
1267 1712 1320 1791 βε-

203 1825 351 1910 βνινόνερος
378 1829 463 1913 quod
486 1828 644 1914 praecedit
667 1829 717 1910 (de
738 1848 801 1912 quo
825 1826 924 1893 uerbo
948 1827 1072 1911 egimus
1096 1832 1203 1912 supra)
1228 1828 1321 1892 uerbi

202 1940 316 2006 πταίειν
351 1944 511 2009 notionem
544 1944 788 2026 interpretatur:
828 1944 881 2024 „in
905 1961 969 2025 quo
992 1942 1021 2004 16
1046 1941 1184 2026 quidem,
1207 1943 1321 2025 quiin

202 2077 240 2122 eo
276 2056 438 2121 moderato
471 2057 577 2120 animo
612 2075 646 2121 se
680 2057 769 2141 gerit,
799 2059 898 2120 tutior
928 2058 1054 2137 existit3
1086 2059 1115 2120 is
1146 2075 1232 2132 uero,
1264 2057 1320 2139 qui

201 2173 236 2235 in
272 2189 309 2235 eo
344 2170 442 2234 animi
474 2170 588 2235 affeetu
619 2169 784 2255 abripitur,
814 2189 879 2233 non
909 2170 1023 2235 leuiter
1055 2168 1213 2235 offendit.'’
1248 2168 1320 2233 Tes-

202 2289 250 2351 tes
285 2289 361 2349 sunt
392 2285 551 2368 permulti,
586 2283 642 2349 sed
676 2282 841 2348 breuitatis
877 2303 974 2349 eausa
1008 2284 1068 2347 hoc
1104 2303 1167 2348 uno
1203 2303 1317 2349 sumus

203 2399 354 2463 contenti

246 2510 310 2588 Qui
340 2512 459 2577 labitur
481 2513 516 2575 in
539 2513 594 2576 uia
618 2512 734 2576 dieitur
756 2509 955 2593 apallaream.
980 2511 1100 2576 Multae
1122 2512 1197 2577 inde
1220 2516 1319 2577 meta·

199 2627 329 2712 pharae,
352 2626 406 2691 cfr.
431 2629 459 2710 2,
485 2627 535 2710 87,
562 2629 600 2707 3,
622 2627 651 2710 8,
675 2627 726 2710 24,
751 2628 788 2707 5,
813 2627 842 2710 8,
868 2626 979 2710 86,1,
1005 2646 1070 2690 non
1092 2627 1201 2691 minus
1224 2645 1317 2711 saepe

201 2735 359 2820 σφάλλειν,
383 2739 490 2803 labare
513 2743 561 2804 est
584 2739 793 2803 translatum:
818 2741 848 2822 2,
872 2739 1004 2824 65,12,
1032 2741 1059 2823 1,
1077 2740 1318 2817 122416666-

199 2853 301 2919 fertur
333 2857 364 2917 61
386 2851 530 2934 ἀσφαλής
553 2854 583 2936 8,
606 2854 657 2936 88,
681 2857 795 2936 certus,
818 2858 849 2917 et
871 2849 1023 2933 σφάλμριε
1048 2872 1100 2918 res
1122 2854 1205 2918 male
1228 2859 1318 2938 gesta

203 2967 259 3032 uel
283 2985 364 3050 quae
386 2967 426 3030 ad
448 2967 576 3030 irritum
600 2966 722 3031 cecidit.

245 3078 386 3164 Lapsum
408 3081 628 3164 iacentemque
651 3081 760 3145 tollere
784 3099 895 3165 graece
920 3081 1036 3145 dieitur
1054 3078 1184 3160 ἕνννίρενν.
1203 3079 1315 3145 Trans·

199 3193 276 3258 latio
310 3192 386 3257 inde
419 3194 517 3278 petita
550 3194 716 3258 inuenitur
751 3194 781 3277 8,
818 3194 870 3277 89,
901 3195 922 3256 4
953 3190 1136 3274 raptarum
1160 3191 1186 3255 δ’
1211 3191 1317 3264 αὐτοὺς

200 3307 287 3386 ἐπῆρε
319 3305 360 3369 rai
392 3307 438 3368 ἕν’
458 3313 494 3387 τῇ
528 3303 624 3386 Σνίμῳ
648 3308 698 3369 τοῦ
722 3301 919 3383 Ἀλκιβιάδου
941 3303 1048 3385 ἰσχυραὶ
1070 3302 1149 3378 ὄντα,
1172 3307 1315 3390 ipsorum

204 3425 311 3485 autem
344 3422 467 3485 animes
501 3420 758 3486 manifestissime
792 3426 964 3486 erexerunt
994 3427 1065 3484 tum
1092 3441 1208 3506 magna
1230 3421 1319 3484 Alei·

202 3534 306 3600 biadis
328 3537 479 3620 potentia,
503 3555 599 3619 quam
625 3534 711 3599 Sami
731 3534 875 3618 habebat
895 3537 1091 3600 tumetium.
1106 3583 1113 3598 .
1126 3584 1133 3598 .
1147 3535 1284 3618 ,4,121,
1298 3536 1315 3597 1

201 3648 380 3730 ἕπήρθνσνινς
406 3648 512 3715 uerbis
535 3624 751 3733 enitabuntur,
772 3653 801 3734 4,
824 3651 896 3733 108,
917 3652 936 3713 3
956 3646 1007 3713 καὶ
1028 3649 1059 3713 ori
1070 3647 1168 3722 πόλεις
1181 3646 1317 3726 ptam

202 3763 238 3836 δὴ
271 3762 434 3843 ἒπήρθνσννν
457 3763 486 3835 ἐς
508 3763 541 3827 τὸ
565 3761 768 3845 laurentem)
792 3769 823 3829 et
845 3765 990 3829 ciuitates
1014 3764 1055 3828 ad
1077 3783 1128 3829 res
1151 3762 1316 3828 uouendas

156 3958 159 3963 ,
202 3880 344 3944 maxime
367 3881 489 3943 erectae
510 3876 650 3944 fuerunt.
674 3877 717 3942 Et
739 3879 785 3943 sic
808 3879 945 3962 saepius.

238 4162 268 4226 l)
286 4162 382 4229 Operae
399 4163 512 4228 pretium
530 4177 585 4215 6666
601 4167 664 4228 puto
680 4163 723 4215 hic
738 4163 943 4215 animaduertere
960 4177 1012 4228 que
1029 4161 1104 4212 modo
1122 4175 1186 4212 usus
1201 4160 1236 4211 sit
1245 4159 1320 4210 Thu·

200 4256 302 4324 cydides
329 4256 408 4307 uerbo
433 4255 571 4321 νεωτερίζειν
588 4254 611 4323 7,
628 4254 700 4324 87,l
720 4253 743 4313 ἐς
762 4254 881 4305 ἀσθένειαν
900 4253 1049 4321 ἔνενντέριζνν.
1069 4253 1234 4305 Innouabant
1251 4252 1317 4317 (im-

199 4347 346 4416 mutabunt)
363 4363 405 4400 666
422 4348 450 4399 in
466 4345 653 4414 infirmitatem,
675 4347 768 4399 idest:
787 4347 823 4398 ita
839 4352 870 4399 ut
887 4345 1025 4399 infirmitas
1041 4350 1168 4399 oreretur.
1186 4344 1237 4398 Clr.
1254 4343 1318 4395 trr-
