3038 4980
847 496 866 557 2

290 681 491 746 Transfertur
513 699 630 746 nomen
653 684 709 746 aut
732 679 867 745 uerbum
892 700 934 746 ex
952 699 988 745 eo
1009 678 1088 764 loco,
1106 681 1140 743 in
1162 699 1225 764 quo
1238 682 1405 765 proprium

292 801 348 881 est,
381 798 416 861 in
449 816 522 862 eum
555 799 591 861 in
625 817 688 881 quo
723 799 779 861 aut
812 798 974 882 proprium
1010 796 1098 861 deest
1126 800 1182 861 aut
1212 796 1403 861 translatum

291 915 418 997 proprio
452 916 499 977 est
533 913 656 977 melius.
687 911 726 976 Id
755 912 890 978 facimus
917 916 974 976 aut
1004 914 1079 996 quia
1109 931 1238 976 neccsse
1269 916 1326 995 est,
1349 915 1406 977 aut

293 1028 369 1111 quia
400 1026 632 1112 significantius
662 1031 719 1110 est,
741 1031 798 1091 aut
821 1028 896 1111 quia
919 1026 1082 1091 decentius
1094 1028 1125 1107 1).
1148 1026 1254 1090 Unam
1279 1017 1416 1090 tantum
1480 1103 1484 1108 ¹

291 1142 520 1226 quaestionem,
543 1141 582 1205 ad
602 1142 704 1226 ipsam
723 1141 940 1205 translationis
953 1145 1098 1204 naturam
1112 1159 1194 1224 quae
1206 1142 1352 1225 pertinet,
1365 1140 1406 1204 ad

292 1254 460 1320 obrussam
482 1257 609 1340 exigere
632 1255 718 1319 haud
738 1255 877 1319 alienum
897 1275 916 1318 a
934 1257 1095 1340 proposito
1114 1256 1235 1339 putaui.
1248 1254 1337 1319 Haec
1351 1258 1407 1319 est.

335 1369 487 1455 Legimus
510 1369 595 1452 apud
616 1369 822 1433 Aristotelem
844 1367 934 1432 Rhet.
958 1367 1018 1451 HI,
1038 1369 1070 1452 4,
1090 1363 1152 1430 ἔστι
1172 1364 1202 1430 δὲ
1222 1365 1273 1430 aa}
1296 1367 1406 1440 ἡεῖκὼν

292 1480 460 1564 μεταφορά·
482 1479 607 1562 διαφέρει
630 1479 688 1562 γὰρ
709 1481 819 1561 μικρόν·
841 1477 911 1545 drar
934 1479 989 1559 μὲν
1012 1479 1069 1561 γὰρ
1092 1477 1157 1561 εἴπῃ
1182 1480 1230 1544 τὸν
1253 1480 1406 1560 Ἀχιλλέα

290 1597 350 1670 „oia
381 1596 412 1660 δὲ
440 1593 511 1660 λέων
540 1592 717 1677 ἐπόρουσεν”,
741 1594 821 1659 εἰκών
845 1595 932 1669 ἔστιν,
956 1591 1026 1658 daur
1049 1594 1080 1658 δὲ
1101 1592 1194 1668 ,,λε’ων
1219 1594 1404 1675 ἐπόρουσεν”,

292 1708 459 1791 μεταφοραί.

336 1824 408 1889 Ηοο
442 1825 561 1889 summi
595 1825 658 1888 uiri
692 1825 903 1907 enuntiatum,
938 1823 1024 1907 quod
1054 1825 1146 1907 quasi
1176 1824 1275 1888 totius
1306 1824 1405 1889 huius

297 1939 457 2004 doctrinae
479 1938 722 2003 fundamentum
746 1940 884 2023 ponitur,
907 1936 1033 2002 duobus
1056 1936 1199 2003 laborare
1223 1940 1312 2003 uitiis
1335 1959 1406 2023 pro*

298 2052 374 2119 bare
395 2072 446 2118 me
468 2072 561 2138 posse
584 2052 717 2117 confido.

337 2169 425 2235 Num
448 2158 620 2234 discrimen
644 2168 729 2253 quod
751 2169 1018 2253 comparationem
1039 2168 1123 2233 inter
1140 2172 1171 2232 et
1192 2168 1407 2252 metaphoram

293 2283 461 2349 intercedit
496 2302 537 2348 ex
571 2302 608 2348 eo
641 2282 758 2366 pendet
788 2283 871 2346 sitne
899 2283 1001 2366 posita
1031 2301 1074 2344 an
1103 2282 1220 2345 omissa
1250 2282 1406 2366 particula

293 2388 528 2482 comparativa?
563 2395 675 2461 Latius
709 2399 794 2480 patet
825 2395 859 2459 id
890 2395 977 2479 quod
999 2399 1146 2459 naturam
1170 2397 1298 2479 utrique
1322 2415 1407 2460 com-

294 2528 426 2575 munem
448 2511 493 2574 ita
516 2510 684 2595 distinguit
706 2514 743 2574 ut
764 2511 882 2594 cuique
904 2509 960 2574 fiat
982 2529 1041 2574 sua
1064 2514 1095 2575 et
1117 2511 1252 2594 propria.

339 2623 475 2688 Utamur
498 2625 643 2708 exemplo
667 2641 718 2688 res
741 2627 777 2688 ut
795 2625 897 2708 magis
915 2624 1100 2688 illustretur.
1121 2623 1155 2688 Si
1174 2624 1327 2689 dicimus:
1352 2629 1406 2707 „ut

293 2736 437 2801 medicus
461 2737 652 2802 uulneribus
675 2737 821 2802 medetur
843 2739 890 2801 sic
914 2741 945 2802 et
967 2741 1093 2822 tempus
1117 2756 1228 2802 omnes
1251 2738 1332 2802 lenit
1355 2738 1405 2802 do·

292 2851 376 2916 lores
408 2870 599 2936 omnemque
628 2852 717 2935 pellit
746 2851 998 2936 aegritudinem’'
1022 2851 1176 2916 habemus
1200 2854 1406 2936 comparatio-

294 2984 377 3031 nem.
400 2966 472 3031 Tria
491 2968 575 3032 enim
596 2968 860 3051 comparationem
879 2968 997 3031 iustam
1018 2985 1100 3050 quae
1111 2966 1258 3050 reddunt,
1271 2966 1405 3031 adsunt:

294 3082 450 3146 terminus
473 3102 492 3145 a
516 3100 589 3166 quo,
611 3083 768 3146 terminus
791 3081 830 3146 ad
851 3101 957 3166 quem,
975 3081 1181 3166 mediumque
1200 3084 1406 3167 comparatio-

295 3194 354 3259 nis.
381 3233 422 3241 —
447 3194 546 3281 Saepe
568 3195 605 3260 fit
627 3200 664 3260 ut
686 3215 752 3260 non
774 3198 838 3261 nisi
858 3196 962 3280 prima
981 3196 1045 3260 duo
1067 3200 1228 3281 ponantur
1246 3198 1292 3260 ita
1311 3201 1348 3261 ut
1366 3198 1406 3261 iis

294 3309 350 3391 qui
371 3308 508 3373 audiunt
530 3309 770 3374 diiudicandum
792 3310 992 3394 relinquatur
1013 3310 1090 3394 quid
1111 3312 1153 3374 sit
1168 3310 1309 3375 medium
1322 3330 1406 3385 com·

294 3424 483 3507 parationis:
523 3421 686 3506 „Medicus
721 3422 911 3488 uulneribus
946 3424 1100 3508 medetur,
1135 3429 1261 3509 tempus
1296 3445 1407 3489 omnes

292 3535 373 3601 lenit
396 3537 549 3604 dolores.”
575 3575 617 3584 -
642 3537 768 3603 Tertius
791 3539 995 3624 comparandi
1017 3539 1133 3604 modus
1155 3540 1208 3602 hie
1231 3544 1294 3604 est:
1324 3538 1406 3621 „Me-

293 3649 384 3715 dicus
416 3651 605 3717 uulneribus
638 3651 811 3716 medetur.''
844 3689 886 3700 —
917 3652 1028 3739 imago
1058 3654 1247 3738 proponitur
1268 3657 1404 3737 tantum,

294 3767 449 3830 omittitur
471 3767 504 3830 id
529 3767 615 3850 quod
636 3768 713 3831 huic
736 3767 870 3851 imagini
894 3769 997 3833 simile
1020 3771 1158 3853 putatur,
1183 3769 1300 3853 quippe
1321 3768 1407 3853 quod

292 3878 384 3944 facile
415 3880 626 3965 intellegatur.
653 3878 742 3944 Haec
763 3880 918 3965 loquendi
941 3884 1020 3946 ratio
1044 3879 1287 3966 prouerbiorum
1311 3886 1407 3966 atque

194 4038 198 4045 .
295 3992 480 4077 adagiorum
513 3993 607 4058 radix
642 3998 737 4078 atque
773 3997 861 4080 origo
896 3999 945 4060 est
974 3994 1122 4080 putanda.
1154 3993 1253 4078 Saepe
1277 4013 1406 4080 quoque

293 4107 415 4171 utimur
440 4108 673 4193 comparatione
696 4108 841 4194 quadam,
866 4128 948 4193 quae
969 4110 1040 4174 iure
1063 4113 1224 4174 contracta
1246 4109 1309 4174 dici
1334 4130 1406 4195 pos·

296 4261 441 4272 ——-.-.

325 4353 351 4419 r)
370 4354 458 4415 Quint.
475 4355 544 4418 v111,
561 4355 585 4424 c,
604 4355 629 4407 5.
