3038 4980
844 467 887 531 46

308 674 436 738 cunque
465 673 615 719 concessa
644 659 693 719 est
721 657 788 718 uita
817 673 913 737 quam
944 655 1013 738 pari
1039 652 1187 718 felicitate
1209 653 1364 737 degerent
1389 656 1420 718 et

308 766 468 834 finirent''.
553 848 556 854 Ι

350 881 425 946 Huc
456 883 571 948 addere
600 882 674 947 licet
702 878 821 945 εὐθύνειν
854 881 883 965 1,
916 882 967 965 95,
1000 880 1082 944 bad
1106 881 1260 945 amussim
1284 881 1357 944 siue
1379 880 1419 944 ad

306 994 467 1060 rubricam
497 996 642 1080 dirigere.
672 995 752 1060 Inde
777 995 968 1059 translatum
990 993 1075 1058 idem
1097 994 1184 1058 ualet
1209 1013 1245 1058 ac
1268 993 1418 1058 condem·

307 1128 392 1174 nare.
416 1108 477 1173 Gfr.
502 1111 532 1194 3,
556 1111 609 1194 43,
622 1112 654 1197 4
676 1106 826 1172 ὑπεύθυνον
848 1106 901 1179 την
923 1105 1087 1197 πκρκένεσνν
1106 1103 1243 1186 ἔχοντκς.
1264 1106 1417 1172 deiratio

306 1222 465 1287 reddenda
488 1229 536 1288 est
558 1223 674 1288 dicitur
697 1219 855 1294 ὑπεύθυνος.
879 1220 940 1286 Oh.
964 1223 993 1304 3,
1016 1223 1069 1304 43,
1091 1222 1121 1285 4.
1151 1256 1162 1272 -

349 1335 401 1399 Ab
431 1340 498 1400 arte
526 1335 667 1421 fingendi
697 1337 778 1400 hanc
810 1337 946 1419 sumpsit
966 1333 1166 1416 Thucydides
1188 1335 1362 1418 imaginem
1388 1334 1417 1417 6,

308 1449 349 1512 58
381 1449 408 1513 l.
438 1448 553 1522 ἀδήλως
583 1456 619 1530 τῇ
649 1446 713 1529 ὄψει
742 1445 950 1526 πλονσκμένους
980 1447 1048 1528 πρὸς
1078 1445 1130 1519 την
1159 1443 1322 1528 ξυμφοράν.
1346 1446 1416 1511 Hac

306 1581 386 1629 uoce
414 1562 539 1627 solenni
565 1558 745 1647 (πλοέσσενν)
772 1560 943 1626 utebantur
965 1565 1088 1626 ueteres
1112 1579 1166 1653 eos
1189 1560 1416 1646 significantes,

307 1680 363 1776 qui
393 1676 566 1760 depsebant
596 1680 650 1739 aut
672 1674 884 1739 informabant
908 1675 1035 1739 mollem
1059 1676 1230 1739 materiam.
1252 1674 1316 1738 Hic
1341 1676 1417 1739 dici-

303 1790 417 1857 turdo
439 1788 567 1874 Hippia,
592 1790 648 1872 qui
670 1789 799 1853 uultum
823 1809 919 1853 suum
943 1787 1149 1872 componebat
1172 1792 1210 1852 ut
1230 1789 1308 1873 quid
1327 1790 1416 1853 intus

304 1904 344 1970 ob
368 1904 577 1968 calamitatem
599 1904 739 1982 sentiret,
763 1921 873 1968 omnes
897 1903 1020 1968 celaret.
1039 1900 1187 1966 Πλοέσσενν
1206 1903 1290 1967 idem
1312 1908 1362 1968 est
1380 1923 1416 1967 ao

303 2018 463 2083 simulare.
496 2016 549 2081 Ab
579 2022 646 2081 arto
675 2016 756 2081 fabri
787 2016 910 2081 ferrarii
933 2020 1030 2101 petita
1052 2018 1129 2082 haec
1151 2019 1290 2082 occurrit
1312 2022 1415 2083 trans-

302 2133 377 2196 latio
397 2133 428 2216 8,
443 2133 494 2216 95,
507 2133 537 2198 2.
549 2127 771 2212 νὀξνγκροτήτονς
786 2130 977 2213 πληρώμασιν
989 2129 1223 2209 ἀναγκασθέντες
1235 2129 1414 2213 χρησοοσέκν.

302 2245 417 2310 Malleo
447 2264 511 2308 uon
541 2244 622 2310 bene
651 2245 808 2326 indurati;
841 2248 869 2309 si
899 2246 1008 2310 saltem
1032 2246 1220 2310 scholiastae
1243 2245 1283 2309 ad
1305 2245 1414 2330 Antig.

302 2360 366 2423 430
391 2361 424 2422 in
448 2377 527 2423 uoce
549 2356 715 2438 εὐκροτήτου
736 2357 815 2422 fides
839 2363 887 2423 est
909 2357 1060 2423 habenda.
1085 2357 1146 2422 Ofr.
1166 2358 1277 2443 Eurip.
1297 2359 1414 2425 Electr.

305 2474 366 2536 752
390 2471 555 2553 εὐκρότητον
579 2470 655 2552 Δωρί
660 2472 686 2534 b'
709 2468 846 2552 οἳρποέσκς
868 2477 975 2552 χεροῖν.
999 2472 1051 2537 Sic
1074 2473 1169 2536 etiam
1188 2474 1415 2557 interpretatur

303 2583 480 2649 Doruillius
503 2585 543 2649 ad
566 2584 680 2649 Charit.
702 2605 733 2669 p.
759 2585 811 2650 86.

350 2699 432 2764 Sunt
465 2701 563 2784 igitur
596 2700 747 2763 classiarii
782 2703 812 2763 et
845 2703 960 2764 nautae
991 2700 1203 2783 incompositi,
1234 2700 1326 2764 nullo
1350 2720 1413 2765 usu

305 2813 439 2879 subacti.
461 2813 543 2877 Nam
564 2814 726 2877 translatio
746 2814 843 2896 petita
862 2818 910 2877 est
928 2833 947 2877 a
965 2813 1100 2878 metallis
1124 2813 1236 2877 malleo
1260 2816 1413 2880 contusis.

302 2927 341 2991 Id
365 2930 448 2991 enim
473 2928 636 3010 quaeritur
654 2931 763 2990 utrum
782 2925 863 2990 bene
882 2947 922 2990 an
942 2926 1023 2991 male
1041 2925 1161 2991 ferrum
1175 2929 1216 2991 sit
1227 2946 1413 3011 procusum.

302 3040 380 3107 Luc,
415 3040 482 3105 Gal.
517 3043 559 3104 24
592 3038 679 3112 ἵππος
713 3038 970 3121 συγκεκροτημένη.
1007 3039 1097 3108 Deru.
1134 3044 1163 3125 2,
1197 3042 1237 3103 17
1273 3041 1413 3127 Philippi

304 3152 461 3235 πεζέτονορον
491 3157 647 3218 uocantur
669 3152 923 3234 συγκεκροτημένον
946 3152 986 3217 τοὶ
1007 3157 1059 3218 τοῦ
1082 3151 1220 3231 πολέμου.
1244 3154 1305 3218 Oh.
1329 3154 1414 3221 Xen.

304 3268 386 3333 Hist.
418 3267 472 3333 Gr.
504 3267 534 3350 6,
557 3270 586 3344 2,
612 3269 652 3330 12
684 3272 714 3332 et
735 3267 854 3331 Pollux
877 3269 907 3352 1,
932 3269 995 3333 158
1018 3271 1191 3348 στροοτνῶτοιν
1214 3266 1412 3346 ἀγύμναστον,

303 3380 519 3462 ἀσυγκρότητον,
544 3378 729 3458 ἀμελέτητον.
751 3380 904 3447 Theocrit.
930 3383 980 3465 15,
1004 3383 1046 3445 49
1067 3381 1150 3446 Cass.
1170 3380 1232 3447 Dio
1253 3384 1305 3464 38,
1318 3384 1371 3467 45,
1384 3386 1412 3448 2.

303 3496 416 3578 Polyb.
449 3497 478 3580 1,
510 3496 561 3574 61,
592 3498 621 3561 3.
653 3492 844 3576 Πληρώμκπκ
877 3492 1130 3576 ἔυγκεκροτημένκ
1161 3498 1306 3580 opposita
1337 3501 1413 3562 sunt

305 3607 478 3683 ἀνκσκητονς
500 3607 551 3672 aa}
575 3609 641 3690 πρὸς
665 3609 758 3690 κοννρὸν
780 3607 1024 3687 ἐμβεβλημένης.

347 3723 420 3789 Huc
443 3724 606 3789 referenda
629 3729 704 3788 sunt
723 3722 822 3788 uerba
840 3724 1046 3798 ε’πνκλκσθηνκν
1059 3725 1089 3809 3,
1103 3725 1154 3809 67,
1169 3727 1206 3806 2,
1220 3727 1250 3810 3,
1265 3726 1318 3811 59,
1332 3726 1369 3808 1;
1383 3728 1413 3811 4,

305 3838 356 3920 37,
381 3837 397 3898 l
423 3842 454 3902 et
476 3837 658 3922 κονμφέῆνοκ,
682 3837 768 3922 quod
791 3857 856 3902 uno
878 3842 1004 3902 tantum
1026 3838 1095 3902 loco
1115 3840 1144 3921 3,
1165 3839 1250 3922 58,1
1273 3842 1413 3905 occurrit

304 3948 388 4033 apud
409 3949 632 4032 Thucydidem.
652 3950 712 4014 Ofr.
731 3950 812 4016 Plat.
833 3951 916 4015 Prot.
938 3953 1001 4016 320
1014 3952 1051 4018 Β.
1073 3952 1176 4018 Sensu
1187 3957 1315 4039 proprio
1326 3956 1411 4021 idem

303 4062 413 4127 ualent
435 4082 488 4126 ac:
510 4062 604 4146 flecti,
626 4065 701 4130 inde
723 4083 821 4129 sensu
843 4066 1011 4130 translato:
1037 4069 1160 4132 moueri
1183 4072 1214 4133 et
1236 4071 1335 4134 uinci.

345 4177 496 4243 Aurificis
526 4197 577 4242 ars
608 4179 689 4242 hauc
719 4181 906 4263 prouocauit
937 4182 1185 4248 translationem.
1208 4180 1340 4256 Βέσοννος
1363 4191 1411 4250 est

302 4291 382 4375 lapis
411 4289 542 4375 Lydius,
573 4311 636 4375 quo
661 4294 707 4356 uti
730 4292 881 4378 solebant,
905 4294 961 4377 qui
984 4315 1098 4360 aurum
1122 4296 1255 4380 probaro
1279 4297 1408 4363 uellent.
