3098 4980
667 522 727 583 131

135 710 335 776 Transfertur
368 708 454 793 apud
485 706 703 788 Thucydidem
736 709 766 788 4,
797 707 849 790 63,
880 707 897 768 1
929 704 978 769 δια
1007 704 1040 768 τὸ
1064 703 1247 784 ἀτέκμαρτον

136 822 206 896 δέος.
231 823 284 889 Sic
303 823 438 907 saepius.

179 936 254 1001 Huc
287 937 443 1020 pertinere
476 934 605 998 uidetur
635 935 664 1014 8,
697 933 726 1015 1,
758 934 775 995 l
807 931 856 996 καὶ
886 929 981 996 ὁπόσα
1006 956 1033 994 τι
1056 931 1121 996 τότε
1143 930 1249 1002 αὐτοὺς

136 1049 300 1121 tribuerat
328 1048 495 1123 ἐπήλασαν
526 1054 557 1112 et
580 1050 767 1133 quicunque
790 1040 887 1113 rebus
912 1048 1031 1112 diuinis
1055 1047 1249 1131 quibusdam
1354 1046 1356 1050 ’

136 1181 222 1247 spem
264 1161 391 1227 Siciliae
432 1162 627 1246 subigendae
660 1161 807 1226 fecerant
843 1159 888 1225 Hi
918 1158 1093 1242 θεαὶσαντες,
1126 1162 1181 1244 qui
1213 1165 1250 1224 ut

136 1279 226 1341 uates
255 1295 343 1361 spem
374 1276 525 1340 dederant
555 1275 622 1339 fore
645 1280 681 1339 ut
703 1274 811 1339 Sicilia
834 1277 1021 1359 potirentur,
1045 1278 1249 1359 opponuntur

136 1390 199 1454 illis
221 1387 438 1468 χρησανλόγας
462 1394 492 1454 ot
515 1385 663 1465 μάντεσιν.

177 1503 291 1590 Neque
324 1503 588 1589 praetereundum
625 1504 820 1568 uocabulum
854 1500 1061 1583 ἕννφήμνσμα,
1097 1501 1247 1583 (Hesych.

133 1620 364 1735 interpretatu}
390 1616 540 1697 οἰώνισμα)
574 1617 660 1700 quod
693 1616 809 1700 legitur
846 1617 875 1698 7,
896 1617 947 1697 75,
973 1616 990 1677 7
1026 1611 1117 1677 πάλιν
1139 1612 1246 1678 τούτων

134 1734 191 1801 ταῖς
223 1727 358 1800 ἐναντίοις
391 1727 632 1809 ἕπνφνμίσμασνν
666 1728 866 1811 ἀφορμᾶσθαι,
900 1747 1014 1793 rursus
1036 1747 1111 1792 cum
1133 1729 1249 1792 ominis

134 1843 210 1908 mali
228 1843 372 1925 uocibus,
392 1862 474 1926 quae
492 1843 542 1906 his
566 1844 596 1922 (i.
609 1861 634 1906 e.
658 1843 742 1906 uotis
765 1842 920 1925 laetisque
943 1840 1139 1905 carminibus
1157 1841 1250 1920 εὐχῆς

133 1979 166 2019 τε
196 1953 248 2020 καὶ
278 1952 418 2038 παιάνων)
449 1961 538 2021 eraut
567 1956 751 2038 contrariae,
782 1955 950 2020 discedere.
983 1953 1151 2019 Soluerant
1174 1956 1250 2018 olim

134 2070 233 2136 laetos
263 2070 408 2135 tollentes
438 2070 604 2152 clamores,
631 2069 687 2153 qui
710 2068 831 2133 bonum
857 2068 1045 2152 felicemque
1070 2070 1249 2134 ominaren-

135 2187 189 2247 tur
219 2186 384 2264 euentum,
419 2202 507 2247 nuno
529 2182 656 2246 fortuna
680 2187 799 2247 mutata
821 2182 924 2247 redire
947 2187 1107 2267 coguntur
1129 2184 1249 2245 omnia·

136 2317 200 2382 que
229 2297 374 2363 tristibus
404 2297 538 2362 uocibus
562 2297 720 2381 complent
743 2316 808 2360 nou
828 2297 897 2361 sine
920 2297 1082 2380 praesagio
1107 2295 1245 2379 quodam

136 2411 194 2476 fati
215 2413 424 2476 imminentis.

180 2524 284 2590 Sensu
306 2526 433 2608 proprio
456 2543 535 2589 uoce
556 2521 698 2603 ἐκεχειρία
717 2522 900 2586 indicantur
918 2522 1060 2587 indutiae
1080 2522 1249 2605 sollennes,

82 2656 84 2661 ·
137 2657 220 2723 quae
249 2638 351 2704 mensi
381 2656 469 2701 sacro
493 2658 511 2702 a
535 2657 688 2722 praecone
712 2637 997 2722 promulgabantur
1020 2636 1088 2701 ludi
1112 2643 1148 2701 ut
1171 2639 1251 2703 cele

137 2749 313 2815 brarontur.
335 2748 576 2832 Nonnunquam
599 2752 694 2814 etiam
717 2752 851 2833 quaouis
873 2750 1015 2814 indutiae
1038 2751 1072 2813 in
1090 2750 1149 2814 hac
1168 2770 1250 2816 uoce

137 2864 373 2949 intelleguntur.
410 2862 469 2926 cfr.
502 2866 530 2944 5,
565 2864 592 2946 l,
625 2865 661 2943 l,
692 2866 721 2940 4,
752 2863 825 2945 117,
851 2865 868 2926 l
899 2860 1056 2942 ἐκεχειρίαν
1079 2862 1251 2937 ἐποιήσαντο

136 2974 273 3042 ἐνιαύσιον
296 2977 405 3043 eadem
429 2974 593 3042 translatio
618 2979 648 3058 5,
672 2977 724 3060 49,
749 2978 786 3058 3;
800 2982 830 3062 5,
844 2980 872 3062 1,
886 2982 904 3042 2
918 2984 949 3043 et
961 2978 1088 3060 saepius
1101 2979 1252 3042 occurrit.

601 3215 791 3224 ——-—.-.-.-

183 3380 271 3449 Haec
302 3388 391 3448 orant
421 3403 503 3468 quae
533 3382 759 3447 adnotaueram
787 3381 826 3447 de
848 3383 1110 3449 translationibus
1134 3383 1251 3466 quibus

140 3518 219 3564 usus
248 3502 296 3563 est
320 3497 528 3578 Thucydides.
551 3495 660 3561 Huius
683 3495 782 3560 libelli
805 3496 1027 3561 conscribendi
1052 3516 1134 3580 quae
1156 3496 1254 3561 fuerit

137 3615 217 3679 ratio
252 3613 395 3699 quidque
427 3614 488 3678 sim
519 3617 649 3677 secutus
679 3612 814 3696 cogitata
837 3630 907 3675 mea
929 3612 1044 3677 litteris
1068 3631 1147 3676 cunr
1166 3632 1254 3705 man·

139 3729 257 3812 darem,
297 3747 339 3794 ex
378 3728 418 3792 iis
459 3730 544 3811 patet
583 3744 665 3811 quae
698 3745 771 3790 sum
805 3725 973 3810 praefatus.
1008 3725 1253 3810 Propositumne

140 3845 201 3909 sim
230 3848 395 3909 assecutus
416 3841 450 3905 id
473 3842 609 3905 aliorum
634 3842 674 3905 sit
696 3840 859 3905 iudicium.
885 3837 1006 3916 Quodsi
1029 3858 1110 3923 quac
1132 3841 1254 3924 scripsi,

140 3957 253 4023 Lector
286 3957 456 4039 Beneuole,
490 3974 555 4018 non
587 3973 717 4039 prorsus
752 3954 810 4018 tibi
843 3953 1071 4037 displicuerint,
1105 3954 1252 4037 equidem

141 4073 330 4140 existimans
361 4088 411 4134 me
441 4088 567 4154 operam
595 4070 630 4131 in
660 4068 721 4131 hoc
742 4067 849 4131 libello
873 4067 1041 4131 scribendo
1063 4086 1129 4130 non
1152 4067 1253 4150 perdi-

142 4187 236 4270 disse,
259 4184 352 4251 ualde
374 4184 521 4248 laetabor.
543 4181 585 4245 ut
607 4200 703 4265 nunc,
723 4182 838 4246 habeat
861 4201 920 4245 sua
941 4180 1006 4245 fata
1028 4180 1164 4246 libellus.
