3038 4980
836 471 877 534 32

298 660 413 725 domus
446 658 625 744 hospitibus
655 662 776 742 pateret
806 676 880 721 eum
905 651 1098 730 ὑποδέξοτέοο
1123 676 1233 722 omnes
1257 657 1329 721 sine
1352 657 1418 720 ulla

298 774 451 849 uarietate
473 773 625 837 dixerunt
647 773 825 856 scriptores.
850 769 910 833 Cfr.
934 769 1025 833 Pind.
1049 768 1145 852 Pyth.
1167 771 1226 852 993
1246 769 1366 834 Herod.
1389 770 1418 853 1,

296 887 356 968 413
379 887 540 972 Aristoph.
564 887 643 951 th.
668 886 748 967 9793
771 884 918 969 Xenoph.
943 884 1037 950 Mem.
1060 886 1089 968 3,
1111 885 1163 968 11,
1176 886 1226 949 16.
1238 884 1319 950 Fere
1331 885 1417 949 idem

296 1001 381 1066 ualet
415 1004 511 1085 atque
541 998 760 1078 ε’πνμεέρννοέκν
791 998 860 1079 πκρ’
890 996 1049 1071 ἀλλήλους.
1083 998 1174 1063 Plato
1198 997 1273 1083 Leg.
1299 998 1416 1062 95211

298 1115 376 1179 haee
406 1115 517 1179 habet:
548 1113 670 1195 οῖροροοῖς
693 1110 745 1177 κκῖ
767 1111 882 1191 λίμετνν
907 1110 1121 1192 ὑποδέχετέοκς
1147 1132 1211 1196 quo
1234 1132 1311 1178 sane
1335 1112 1417 1176 nihil

297 1232 346 1293 est
376 1227 548 1293 liberalius.
581 1226 686 1304 Quare
716 1231 752 1291 ut
775 1226 893 1311 quibus
918 1228 1022 1290 omnis
1045 1231 1216 1311 negaretur
1237 1226 1416 1291 liberalitas

297 1343 381 1426 apud
411 1341 676 1407 Lacedaemonios
707 1344 814 1426 questi
845 1345 921 1406 sunt
951 1339 1154 1425 Megarenses
1178 1359 1213 1405 se
1234 1337 1361 1417 λιμένων
1383 1362 1417 1402 τε

296 1452 435 1536 εῖρμεοέοκ
469 1459 525 1519 τῶν
559 1455 588 1520 ἕν
621 1463 658 1536 τῇ
689 1453 848 1529 Ἀέκνκέονν
879 1453 957 1535 οῖρχρῖ
989 1451 1042 1518 aa}
1070 1460 1124 1528 τῆς
1148 1458 1280 1526 Αττνκῆς
1304 1453 1416 1534 οῖγοροῖς

300 1569 328 1654 1,
352 1570 403 1654 67,
426 1572 455 1634 4.

343 1683 430 1761 Quos
452 1685 574 1749 honore
594 1688 718 1768 praeter
743 1689 863 1748 ceteros
887 1683 1012 1748 afficere
1035 1682 1195 1766 uolebant,
1217 1683 1258 1747 iis
1281 1684 1315 1745 in
1341 1702 1417 1746 oon·

295 1799 395 1861 uiuiis
417 1799 601 1882 praesertim
624 1817 691 1861 non
714 1797 819 1862 solum
841 1798 989 1881 princeps
1010 1797 1101 1861 loeus
1121 1796 1176 1860 sed
1197 1796 1294 1860 etiam
1313 1797 1417 1860 maior

295 1932 333 1976 ao
368 1912 479 1976 melior
513 1911 656 1976 ciborum
690 1932 764 1996 pars
798 1911 897 1975 tribui
931 1910 1060 1976 solebat.
1094 1910 1206 1995 Ipsum
1237 1909 1416 1975 Homerum

295 2044 434 2110 eumque
464 2026 655 2110 locupletem
686 2025 840 2090 habemus
873 2030 994 2090 testem.
1026 2025 1105 2090 Pars
1128 2025 1184 2088 illa
1206 2025 1308 2088 maior
1333 2025 1417 2089 diue-

294 2138 389 2204 batur
418 2138 491 2217 τνμή
519 2141 589 2204 siue
611 2136 707 2216 μέρεος.
736 2138 797 2202 cfr.
823 2137 880 2202 Od.
906 2139 956 2222 14,
978 2139 1042 2202 437
1066 2140 1143 2201 νῶτον
1168 2136 1283 2211 διηνεκῆ
1309 2137 1416 2223 (Verg.

294 2255 375 2318 Aen.
407 2254 436 2335 8,
469 2254 541 2316 183.
568 2251 719 2317 Uesoitur
742 2254 928 2317 Aeneas...
952 2251 1103 2336 Perpetui
1125 2256 1214 2336 tergo
1237 2250 1353 2333 bouis).
1376 2251 1415 2317 ΙΙ.

298 2368 326 2450 7,
359 2366 431 2430 321.
457 2370 533 2449 (non
557 2369 626 2431 sine
649 2367 751 2430 ironia
774 2385 810 2429 ao
834 2365 1067 2430 dissimulantis
1091 2363 1149 2429 Od.
1174 2365 1226 2448 20,
1251 2365 1328 2442 297)
1357 2362 1416 2430 od.

296 2482 326 2564 4,
357 2480 408 2544 65.
440 2481 469 2563 8,
502 2481 566 2543 475
596 2483 674 2543 νῶτον
705 2476 781 2556 βοός.
814 2478 894 2544 Inde
925 2483 1020 2544 natus
1050 2484 1107 2561 est,
1130 2480 1165 2542 ni
1187 2477 1290 2562 fallor,
1314 2479 1417 2543 multa

298 2612 381 2678 quae
414 2594 477 2658 huo
507 2596 668 2678 pertinent
697 2592 797 2658 uerba
827 2593 1039 2659 transferendi
1070 2612 1168 2674 usus;
1192 2592 1285 2657 uelut
1309 2589 1417 2670 νέμειν,

295 2713 485 2781 πλεονεκτεῖν,
509 2713 682 2786 μειονεκτεῖν
704 2708 803 2792 idque
824 2726 927 2792 genus
951 2708 1021 2774 ulia.
1046 2706 1090 2770 Τὸ
1114 2705 1141 2770 δ’
1163 2705 1345 2784 ἐμπλήκτως
1365 2702 1416 2781 ὀξὺ

295 2820 396 2901 ἀνδρὸς
419 2819 505 2904 μοέρρι
529 2818 690 2901 προσετέθη.
717 2823 746 2898 3,
771 2823 823 2904 82,
844 2823 877 2885 4.
900 2821 989 2885 furor
1012 2822 1176 2885 insaniens
1200 2821 1272 2884 uiro
1296 2819 1417 2904 dignus

297 2934 490 3016 habebatur3
521 2935 554 2999 id
586 2936 708 2999 homini
731 2939 894 3019 tamquam
918 2939 1032 2999 natura
1056 2933 1198 2998 debitum
1223 2932 1418 2998 tribuebant.

299 3048 329 3133 1,
354 3049 405 3132 71,
430 3049 459 3112 1.
490 3047 522 3111 τὸ
553 3043 611 3112 ἴσον
633 3045 728 3125 νέμειν
751 3051 943 3133 aequitatem
966 3050 1066 3129 tueri3
1094 3048 1169 3112 dare
1193 3047 1280 3130 quod
1305 3066 1418 3131 quem-

298 3181 362 3246 que
393 3162 491 3227 decet.
522 3161 575 3226 Sia
606 3163 742 3246 saepius,
770 3161 825 3226 cfr.
859 3163 886 3241 l,
912 3163 984 3246 120,
1010 3162 1039 3228 l.
1062 3161 1138 3226 Huc
1161 3162 1255 3226 etiam
1279 3163 1419 3245 pertinet

297 3276 331 3340 τὸ
358 3273 416 3340 ῖσον
439 3272 526 3356 ἔχειν.
553 3276 581 3360 1,
607 3277 657 3359 39,
684 3277 711 3339 3.
736 3275 913 3341 Criminum
938 3296 1073 3360 aequam
1097 3277 1259 3359 accipietis
1282 3281 1417 3359 partem.

300 3390 510 3456 Conferantur
530 3408 612 3481 quae
633 3389 740 3453 addita
759 3395 836 3454 sunt
855 3389 954 3455 uerba
973 3388 1161 3468 μετοιδώτετε
1173 3395 1204 3454 et
1215 3388 1415 3462 κοννεέσκντες.

344 3501 454 3584 Μεῖζον
482 3500 567 3584 μέρος
590 3500 724 3581 νέμοντες
746 3503 786 3583 τῷ
810 3502 853 3581 μὴ
878 3501 1032 3581 βούλεσθον
1055 3503 1149 3578 οῖλνέῆ
1173 3497 1251 3567 εῖνοκ.
1279 3506 1308 3588 3,
1333 3507 1364 3588 3,
1389 3506 1418 3568 l.

299 3618 365 3683 Suo
398 3618 554 3683 desiderio
587 3621 622 3681 ut
652 3616 733 3681 falsa
763 3621 878 3700 essent,
910 3637 991 3701 quae
1014 3618 1137 3702 prolata
1160 3623 1250 3683 erant
1273 3619 1418 3701 erimina,

298 3733 371 3816 plus
403 3730 587 3795 tribuentes.
612 3728 665 3793 ofr.
691 3730 720 3812 3,
743 3729 795 3813 48,
820 3725 953 3810 1.οῖκτῳ
977 3729 1064 3795 πλέον
1088 3729 1239 3809 νεέμοιντες
1263 3733 1337 3815 plus
1360 3733 1417 3795 tri-

298 3844 432 3910 buentes
457 3845 698 3910 misericordiae.
722 3843 775 3908 Sic
795 3846 824 3927 3,
838 3844 910 3927 114,
924 3845 960 3927 1;
984 3847 1012 3929 1,
1026 3847 1077 3929 71,
1091 3847 1119 3913 l.
1140 3846 1279 3931 Legatur
1299 3848 1417 3912 Athen.

301 3957 331 4043 1,
363 3961 405 4022 23
436 3958 492 4023 ubi
523 3958 597 4023 luoe
627 3956 745 4023 olarius
768 3957 948 4022 ostenditur
970 3977 1052 4042 quae
1075 3960 1150 4024 huie
1173 3959 1273 4025 uerbo
1297 3962 1350 4025 uis
1375 3962 1419 4025 sit

299 4073 449 4138 subiecta.

342 4183 435 4249 Πλέον
464 4182 543 4265 ἔχειν
574 4187 604 4269 4,
635 4185 686 4261 62,
713 4185 741 4248 3.
776 4183 882 4268 Uulgo
905 4184 955 4249 his
980 4184 1086 4250 uerbis
1109 4187 1231 4253 fraudis
1255 4188 1308 4254 uel
1332 4189 1416 4253 lueri

297 4299 412 4364 iniusti
433 4300 521 4364 notio
544 4303 592 4364 est
614 4298 764 4364 subiecta.
789 4295 850 4361 Ofr.
877 4297 905 4382 1,
930 4297 981 4382 76,
1004 4299 1043 4379 23
1069 4300 1096 4378 1,
1121 4301 1173 4385 42,
1196 4306 1233 4383 4,
1259 4303 1289 4386 4,
1313 4303 1365 4387 62,
1384 4304 1414 4366 3.
