3038 4980
837 476 878 540 10

298 667 501 751 scriptorem;
533 665 651 749 passim
678 665 820 730 enimin
842 665 902 727 hoo
925 664 1079 748 opusculo
1100 664 1250 749 culpatur
1272 667 1303 729 et
1325 667 1412 730 uitu-

296 783 428 864 peratur
460 777 669 859 Thucydides.
702 775 787 853 Quid
816 795 988 842 memorem
1018 776 1194 861 Reiskium,
1217 777 1412 864 Popponem‚

296 893 481 979 Kriigerum
523 892 708 976 multosque
750 892 837 969 alios,
871 911 1009 976 quorum
1046 894 1176 956 nomina
1209 895 1412 958 enumerauit

296 1004 498 1084 Steiniusll)

339 1119 466 1185 Hdrum
497 1121 640 1185 omnium
671 1120 789 1184 iudicia
814 1122 897 1184 inter
920 1138 990 1185 sese
1013 1119 1108 1184 ualde
1131 1119 1321 1204 discrepant.
1348 1118 1411 1196 uui

296 1235 358 1300 fit?
388 1235 458 1299 Aut
483 1239 601 1300 temere
624 1234 757 1299 laudant
779 1239 835 1299 aut
856 1235 952 1298 nimis
975 1235 1167 1318 uituperant.
1189 1232 1269 1298 Rem
1293 1233 1409 1299 diiudi-

295 1351 426 1412 caturus
460 1367 525 1411 non
557 1348 700 1432 singulas
731 1349 835 1433 operis
865 1351 970 1432 partes
1001 1347 1057 1411 sed
1080 1351 1183 1411 totum
1207 1349 1409 1413 exactissimo

294 1462 414 1527 iudicio
437 1462 621 1527 examinare
645 1460 744 1527 debet.
766 1461 818 1526 Ex
841 1481 900 1526 suo
919 1466 1061 1546 tempore
1078 1481 1145 1525 non
1158 1481 1235 1526 uero
1248 1481 1290 1526 ex
1302 1471 1410 1528 nostro

257 1650 260 1655 .
294 1576 495 1659 Thucydides
519 1581 569 1642 est
586 1577 785 1642 iudicandus,
805 1579 837 1641 A
858 1577 1017 1662 sophistis,
1038 1578 1094 1661 qui
1112 1581 1190 1641 tunc
1202 1581 1292 1642 erant
1303 1579 1410 1661 aliquo

294 1693 328 1756 in
363 1710 499 1756 numero
535 1696 632 1775 atque
665 1693 794 1775 honore,
824 1692 926 1756 multa
954 1695 1121 1756 mutuatus
1145 1695 1192 1756 est
1215 1696 1247 1756 et
1269 1695 1412 1758 mutuari

295 1804 477 1891 cogebatur.
514 1805 607 1883 Quod
641 1807 727 1893 enim
759 1807 885 1870 dicendi
913 1825 1027 1892 genus²
1054 1806 1189 1891 Gorgiae
1213 1806 1292 1891 dieo,
1316 1808 1410 1873 ualde

293 1919 470 1985 delectabat
503 1919 542 1985 ab
577 1934 613 1986 eo
647 1921 779 2005 impune
812 1940 876 1984 non
910 1925 978 1985 erat
1012 1921 1233 1986 recedendum.
1268 1920 1409 1988 Steinius

294 2053 360 2100 rem
384 2054 444 2099 acu
470 2036 583 2120 tetigit,
605 2036 641 2098 ni
662 2033 763 2118 fallor,
785 2035 863 2098 haec
886 2033 1043 2099 scribens:
1071 2035 1192 2116 „multa
1214 2034 1409 2117 Thucydidis

295 2148 425 2214 sublimi
458 2168 576 2234 genere
607 2149 731 2214 dicendi
761 2149 893 2233 indigna
923 2152 1007 2223 sunt,
1037 2148 1172 2212 sed...
1196 2167 1252 2233 pro
1276 2148 1407 2233 probato

295 2264 487 2328 sumendum
518 2267 566 2329 est
596 2283 749 2328 eum....
776 2262 816 2327 ab
838 2263 945 2326 indole
968 2282 1027 2326 sua
1050 2266 1081 2326 et
1104 2267 1219 2326 natura
1241 2265 1409 2329 recessisse

293 2383 331 2443 ut
364 2379 473 2463 prauis
507 2378 635 2443 iudiciis
670 2377 865 2443 satisfaceret
898 2375 1111 2461 aequalium.'’
1146 2375 1218 2440 Hoc
1251 2377 1408 2443 iudicium

293 2495 462 2578 praecipue
485 2493 571 2558 ualet
594 2493 633 2556 de
657 2491 854 2556 orationibus
879 2511 958 2576 quas
981 2492 1181 2575 interposuit.
1201 2490 1254 2554 Ad
1271 2490 1407 2557 uerbum

293 2607 422 2692 quidem
445 2627 511 2671 non
533 2608 656 2672 rettulit
678 2627 697 2670 a
720 2608 887 2671 sententiis
909 2625 987 2670 uero
1007 2624 1044 2669 ac
1062 2605 1163 2669 forma
1183 2625 1248 2669 non
1258 2607 1406 2688 recessit;

294 2739 392 2804 quare
423 2722 571 2805 quamuis
601 2720 640 2784 ab
671 2723 759 2785 omni
789 2720 863 2785 fuco
888 2719 1061 2785 abhorrens
1083 2721 1207 2784 inuitus
1231 2720 1319 2784 dedit
1341 2721 1408 2805 ipse

294 2854 376 2919 quae
405 2854 470 2899 non
496 2833 651 2919 probaret.
676 2833 841 2920 Quidquid
863 2836 948 2900 enim
971 2835 1030 2898 hac
1051 2835 1086 2897 in
1109 2853 1143 2898 re
1165 2836 1321 2918 peccauit,
1343 2855 1407 2898 non

291 2950 326 3013 id
349 2952 413 3034 egit
435 2954 473 3015 ut
494 2950 632 3035 placeret
653 2955 683 3014 et
707 2950 875 3015 delectaret
898 2950 954 3014 sed
974 2968 1014 3014 ne
1034 2949 1213 3033 displiceret
1232 2967 1316 3014 neue
1338 2969 1406 3014 sen-

293 3067 393 3130 tentia
421 3066 565 3151 neglecta
592 3066 694 3130 forma
725 3087 821 3151 quam
849 3066 970 3130 uellent
991 3064 1220 3149 repudiaretur.
1242 3064 1315 3129 Non
1339 3085 1406 3150 per·

295 3199 391 3245 sonae
414 3181 470 3245 sed
492 3184 671 3266 temporum
696 3184 772 3245 sunt
793 3182 873 3245 uitia
896 3182 924 3244 si
943 3179 1099 3264 quaedam
1119 3180 1277 3262 culpanda
1296 3181 1406 3245 uiden·

283 3299 355 3390 tur.
389 3293 533 3359 Profecto
569 3296 654 3359 enim
690 3294 892 3375 Thucydides
927 3295 955 3358 si
984 3294 1141 3378 posterius
1169 3292 1284 3357 fuisset
1305 3295 1405 3358 multo

294 3411 449 3473 maturior
482 3407 596 3473 fuisset
631 3413 662 3473 et
691 3409 800 3473 mitior
811 3406 845 3487 2).
876 3408 920 3472 At
951 3407 1029 3491 quid
1052 3407 1167 3492 plura?
1190 3406 1302 3492 Ipsum
1326 3428 1405 3493 opus

294 3542 389 3587 suum
413 3525 547 3588 testatur
570 3527 739 3587 auctorem.

337 3636 454 3701 Ueram
486 3638 650 3702 historiam
681 3657 756 3702 oum
783 3635 922 3702 scribere
944 3635 1023 3701 uelit
1046 3655 1143 3719 quam
1167 3634 1406 3719 dihgentissime

293 3750 327 3813 in
357 3751 517 3835 proposito
549 3755 762 3837 susceptoque
791 3751 923 3816 consilio
954 3753 1117 3834 permanet
1139 3751 1170 3813 et
1192 3767 1233 3813 ne
1256 3748 1404 3815 breuissi-

292 3868 378 3929 mam
412 3866 541 3949 quidem
573 3867 826 3951 declinationem,
857 3866 898 3930 ud
927 3883 994 3930 rem
1027 3883 1109 3949 quae
1131 3883 1198 3928 non
1219 3863 1322 3948 faciat,
1345 3863 1405 3930 sibi

295 4041 439 4051 -—

326 4147 352 4214 l)
367 4148 396 4199 F.
414 4148 494 4212 Stein,
511 4151 577 4203 libro
593 4153 697 4204 laudato
713 4167 768 4218 pag.
786 4150 810 4202 5.

325 4239 353 4305 2)
372 4240 422 4293 Cic.
446 4243 518 4294 Brut.
542 4242 583 4311 83,
605 4243 653 4296 287
676 4248 702 4295 et
718 4242 768 4295 288
787 4244 832 4296 ubi
850 4242 1004 4309 Thucydidis
1020 4241 1119 4293 dicendi
1135 4256 1217 4308 genus
1234 4242 1404 4307 pulcherrime

294 4338 456 4399 comparatur
474 4335 543 4386 uino.
1373 4344 1375 4348 '
