3038 4980
652 483 692 546 13

156 669 245 747 Quae
277 674 447 754 postquam
479 671 514 733 in
547 671 738 735 uniuersum
773 670 936 755 disputaui
969 671 1033 734 iam
1067 672 1143 733 sunt
1176 668 1222 733 fa-

112 786 225 849 cienda
254 785 326 850 uela
357 789 394 849 ut
422 785 516 849 modo
547 785 625 849 litus
649 803 781 869 carpens
804 785 898 848 modo
920 785 955 847 in
978 785 1041 848 alto
1064 786 1222 868 nauigans

109 918 233 984 semper
265 904 371 964 tamen
407 903 529 964 rectum
566 918 698 963 cursum
731 903 843 963 tenens
873 899 1000 963 tandem
1031 918 1094 982 quo
1125 897 1221 962 tendo

107 1014 304 1098 perueniam.

150 1127 195 1192 At
217 1129 277 1192 uix
298 1126 355 1191 ubi
378 1126 461 1191 solui
484 1127 635 1211 scopulus
658 1128 722 1191 iam
741 1128 887 1190 imminet
907 1145 1001 1211 quem
1021 1127 1222 1211 praeteruehi

106 1260 173 1304 non
211 1239 368 1323 omnibus
403 1242 459 1323 qui
494 1240 631 1304 eundem
665 1259 797 1304 cursum
831 1243 1012 1322 tenuerunt,
1047 1240 1219 1324 contigisse

106 1354 244 1418 uidetur.
277 1353 366 1418 Haec
401 1356 486 1417 enim
522 1355 627 1418 statim
661 1355 762 1419 oritur
792 1356 935 1437 quaestio
967 1373 1030 1438 quo
1061 1354 1156 1417 modo
1180 1355 1222 1418 sit

107 1468 279 1552 digerenda
303 1468 441 1531 materia.
465 1467 620 1532 Diuersae
643 1468 843 1532 diuersorum
863 1468 975 1532 bacin
995 1488 1030 1532 re
1049 1472 1222 1532 occurrunt

107 1583 293 1647 sententiae.
335 1580 584 1665 Dispositionem
624 1602 723 1665 quam
762 1583 895 1666 protulit
932 1583 985 1645 uir
1018 1583 1220 1661 doctissimus

106 1695 275 1759 Bliimmer
304 1714 465 1779 quamque
494 1715 597 1779 nuper
627 1700 756 1760 secutus
786 1699 835 1759 est
857 1694 1030 1778 Dronhers,
1054 1697 1146 1779 sequi
1170 1713 1221 1758 me

106 1829 174 1873 non
206 1829 299 1895 posse
320 1811 449 1894 putaui3
474 1829 539 1873 non
563 1810 649 1908 quod
674 1829 743 1873 eam
766 1809 967 1894 reprobarem
991 1810 1047 1874 sed
1070 1830 1134 1894 quo
1157 1829 1222 1874 me·

106 1923 172 1987 lius
196 1924 234 1986 de
256 1926 367 2007 paucis
390 1924 455 1987 illis
478 1925 679 2007 metaphoris,
703 1923 821 2007 quibus
844 1943 924 1987 usus
945 1928 992 1988 est
1010 1924 1221 2007 Thucydides,

107 2041 180 2122 apte
203 2044 235 2101 et
257 2039 428 2121 composite
453 2038 655 2120 disputarem,
678 2057 750 2101 oum
773 2038 812 2101 ad
832 2038 958 2122 singula
977 2038 1221 2102 translationum

107 2172 234 2237 genera,
263 2153 429 2216 Bliimmer
460 2171 542 2235 quae
572 2153 748 2236 distinguit,
772 2171 854 2236 quae
887 2151 1065 2217 referantur
1086 2173 1151 2216 non
1175 2155 1249 2215 in-·

107 2268 282 2330 ueniantur
300 2266 385 2350 apud
404 2265 629 2346 Thucydidem.
649 2264 760 2328 Alium
779 2267 878 2349 igitur
890 2265 1064 2330 disserendi
1077 2266 1220 2329 ordinem

107 2400 182 2444 sum
205 2384 381 2444 secuturus.
401 2378 546 2443 Primum
566 2398 658 2462 agam
679 2372 722 2442 de'
737 2377 999 2442 translationibus
1018 2377 1056 2441 ab
1077 2381 1146 2461 ipso
1165 2380 1221 2442 ho-

106 2497 195 2559 mine
213 2495 319 2578 petitis
338 2492 376 2557 ab
396 2495 501 2577 iisque
520 2512 602 2577 quae
621 2493 661 2556 ad
681 2494 780 2556 uitam
792 2494 959 2575 pertinent.
971 2492 1050 2556 Tum
1062 2492 1219 2575 proferam

106 2610 307 2694 metaphoras
331 2629 349 2671 a
371 2607 500 2689 familia,
524 2608 692 2689 conuiuiis,
716 2609 846 2690 uestitu,
863 2607 1050 2671 educatione
1069 2612 1221 2692 sumptas.

106 2721 232 2787 Deinde
263 2704 433 2786 recensebo
458 2740 511 2784 eas
534 2721 766 2803 translationes,
790 2740 870 2803 quas
893 2720 932 2784 ab
956 2720 1078 2785 artibus
1102 2720 1221 2805 quibus

106 2839 203 2900 homo
233 2837 334 2899 uitam
365 2839 530 2917 sustentat,
561 2834 600 2898 ab
631 2835 834 2918 agricultura,
856 2837 1027 2899 uenatione
1054 2839 1219 2899 mutuatus

108 2956 157 3014 est
190 2948 408 3030 Thucydides;
441 2950 563 3032 hasque
594 2951 699 3012 statim
732 2952 909 3032 sequentur
937 2948 1160 3013 translationes
1182 2949 1221 3013 ab

108 3064 301 3128 animalibus
324 3068 355 3128 et
377 3063 416 3126 ab
440 3082 517 3126 arou
540 3064 663 3147 petitae.
686 3063 786 3126 Porro
811 3063 1003 3126 enumerabo
1023 3065 1221 3146 metaphoras

109 3196 193 3262 quae
217 3181 390 3241 sumuntur
413 3197 431 3239 a
454 3178 508 3239 uia
533 3181 564 3239 et
587 3178 708 3259 itinere,
731 3197 749 3239 a
768 3177 848 3239 mari
868 3181 900 3240 et
911 3179 1114 3261 nauigatione
1126 3181 1222 3260 atque

108 3312 129 3354 a
158 3295 343 3354 mercatura.
374 3288 551 3372 Disputabo
575 3290 713 3374 denique
736 3290 774 3354 de
796 3292 836 3353 iis
861 3311 941 3374 quas
965 3312 983 3354 a
1006 3291 1091 3354 ludis
1116 3295 1147 3354 et
1169 3311 1222 3373 pa-

107 3405 224 3468 laestra
254 3405 369 3489 petiuit
390 3409 501 3467 auctor
524 3407 632 3468 noster
654 3408 690 3467 ut
713 3408 910 3487 postremum
934 3405 973 3468 ad
997 3407 1097 3467 uitam
1121 3403 1222 3487 publi·

108 3539 180 3583 cam
209 3537 261 3582 me
292 3523 476 3582 conuertam
509 3523 539 3583 et
568 3520 602 3580 in
635 3519 774 3581 medium
804 3518 960 3602 proferam
992 3519 1223 3601 translationes,

108 3653 191 3717 quae
215 3634 343 3697 adrem
366 3633 543 3713 militarem,
567 3633 608 3695 ad
631 3632 935 3697 administrationem
961 3632 1162 3716 reipublicae,
1182 3633 1222 3696 ad

106 3766 160 3810 res
183 3747 331 3831 physicas
356 3746 460 3830 adque
484 3763 572 3810 sacra
596 3751 672 3809 sunt
695 3746 883 3809 referendae.

152 3860 195 3924 Et
224 3880 312 3924 nunc
341 3880 445 3923 unum
468 3879 672 3943 praemonere
696 3860 774 3923 mihi
797 3860 890 3923 liceat
913 3864 1101 3924 extremum.
1123 3859 1220 3925 Haud

109 3973 220 4038 dubito
254 3993 294 4037 an
326 3975 390 4037 sint
419 3975 475 4057 qui
506 3977 619 4056 putent
641 3992 693 4037 me
714 3975 810 4036 nimis
834 3974 1001 4057 diligenter
1025 3976 1224 4056 quaesiuisse

109 4089 272 4170 nimisque
295 4089 390 4150 anxie
411 4088 563 4150 mmatum
586 4105 656 4151 esse
678 4087 886 4172 metaphoras.
907 4086 951 4150 At
969 4088 1003 4150 in
1022 4087 1128 4152 libello
1148 4089 1224 4151 sori-

110 4202 214 4266 bendo
238 4202 297 4265 hoc
320 4201 399 4264 mihi
421 4201 580 4284 proposui,
603 4220 668 4263 non
689 4205 726 4264 ut
745 4202 944 4284 metaphoras
964 4201 1093 4285 ahquot,
1106 4200 1223 4285 quibus

110 4335 191 4380 usus
214 4319 262 4380 est
284 4314 494 4399 Thucydides,
517 4316 701 4379 summatim
726 4333 919 4398 exponerem
938 4316 994 4380 sed
1013 4320 1050 4380 ut
1069 4317 1224 4380 siminus
