3098 4980
728 513 791 578 129

215 701 369 766 tlixerunt
401 700 477 766 belli
506 700 691 764 incendium
725 702 830 765 statim
855 702 1006 765 excritur.
1032 700 1093 766 Cir.
1118 700 1212 767 Dion.
1237 704 1331 767 Arch.

217 818 245 898 5,
269 817 310 879 38
334 811 524 895 συρράξαντες
548 812 706 892 ἐμάχοντο.

258 928 377 993 Eadem
396 930 473 993 haec
489 948 507 991 a
529 928 662 991 fulmine
681 928 844 992 translatio
857 930 954 1011 petita
968 929 1111 994 uidetur:
1125 930 1332 1009 ἐκπεπλῆχθαι

216 1045 274 1107 ie.
305 1044 398 1127 graui
427 1044 494 1105 ictu
524 1041 576 1105 uel
606 1043 712 1125 potius
743 1040 887 1105 fulminis
918 1042 985 1106 ictu
1009 1061 1079 1107 esse
1102 1042 1332 1126 perturbatum.

215 1155 320 1220 Latini
353 1156 481 1219 dicunt:
524 1153 743 1236 ,attonitum”.
779 1152 840 1218 cfr.
875 1154 971 1218 Thuc.
998 1157 1025 1238 7,
1050 1156 1102 1238 21,
1125 1157 1162 1236 4,
1187 1155 1332 1241 Xenoph.

178 1252 183 1259 ’
215 1270 318 1333 Anab.
354 1270 383 1352 l,
418 1270 449 1350 8,
483 1269 542 1347 20,
579 1267 651 1349 Cyr.
689 1270 717 1349 l,
751 1269 781 1349 4,
814 1268 864 1330 27.
896 1267 995 1341 Porro
1028 1271 1123 1333 etiam
1146 1269 1335 1334 conferenda

216 1382 367 1446 uidentur
389 1380 488 1445 Thuc.
507 1380 542 1463 3,
566 1383 617 1462 82,
643 1383 679 1460 5;
705 1381 734 1463 6,
759 1383 811 1463 33,
834 1388 864 1444 4.

259 1494 330 1560 Nisi
361 1497 468 1559 omnia
499 1514 549 1558 me
579 1494 695 1558 fallunt
726 1499 857 1558 amotu
880 1499 982 1559 terrae
1006 1502 1134 1580 sumpta
1157 1501 1205 1560 est
1229 1497 1332 1580 imago

215 1609 264 1673 his
299 1629 381 1692 quae
411 1610 519 1674 uerbis
543 1611 723 1674 continetur
749 1611 777 1691 1,
803 1611 829 1691 l,
854 1611 873 1671 2
896 1608 1003 1683 κίνησις
1027 1609 1084 1691 γὰρ
1105 1607 1182 1683 αὕτη
1205 1610 1333 1688 μεγίστη

214 1720 335 1799 ἐγένετο.
368 1723 495 1788 Bellum
532 1725 591 1787 hoc
622 1724 755 1788 simulac
788 1728 894 1787 ortum
927 1730 975 1788 est
996 1727 1041 1789 ita
1064 1728 1162 1790 totius
1185 1724 1336 1790 Graeciae

216 1836 383 1901 hominum
409 1856 523 1902 sensus
545 1841 733 1920 mentesque
751 1839 975 1920 pertractabat,
994 1841 1086 1921 quasi
1107 1840 1230 1923 ingenti
1243 1844 1333 1902 motu

216 1955 299 2015 terra
332 1956 416 2017 esset
451 1970 614 2016 concussa.
645 1951 705 2014 cn.
739 1954 768 2035 3,
792 1953 844 2034 82,
868 1953 885 2014 l
919 1949 979 2014 ἐπεὶ
1003 1949 1115 2032 ὕστερον
1139 1950 1249 2029 γεκαὶ
1275 1957 1334 2014 τοῖν

217 2065 253 2137 ὡς
278 2065 366 2129 εἰπεῖν
390 2066 422 2129 τὸ
453 2065 621 2137 Ἑλληνικὸν
641 2064 760 2138 ἐκινήθη.
1164 2128 1166 2132 .

260 2179 349 2264 Ignis
384 2179 467 2243 hanc
501 2181 689 2263 prouocauit
717 2179 966 2260 translationem,
995 2176 1145 2258 φλόγωσις
1178 2181 1207 2261 2,
1238 2181 1289 2262 49,
1316 2181 1335 2242 2

218 2294 380 2358 oculorum
404 2292 631 2372 inflammatio;
655 2298 703 2357 est
725 2295 881 2358 terminus
901 2294 1066 2357 technious
1079 2312 1173 2377 quem
1187 2294 1335 2357 siminus

219 2426 328 2471 omnes
351 2411 383 2470 at
404 2407 513 2490 plures
535 2406 664 2490 liuguae
685 2407 806 2471 habent
833 2426 1045 2472 communem.

262 2523 293 2583 A
327 2520 460 2584 flumine
494 2522 586 2584 cuius
622 2520 776 2584 labuntur
809 2541 910 2604 aquae
941 2521 1020 2585 haec
1051 2526 1178 2605 sumpta
1210 2522 1338 2586 uidetur

220 2634 416 2717 metaphora:
444 2635 472 2716 5,
496 2635 546 2716 20,
583 2635 599 2696 1
626 2632 683 2696 Καὶ
706 2632 814 2713 ἡμερῶν
837 2633 948 2711 ὀλίγον,
963 2631 1204 2714 ταρενεγκούτων.

262 2748 377 2813 Paucis
408 2747 522 2812 diebus
545 2748 776 2832 praeterlapsis.
802 2746 862 2811 cfr.
886 2747 970 2812 Plut.
992 2747 1070 2811 Tim.
1095 2749 1136 2811 28
1159 2748 1283 2819 πολλοὺς
1308 2747 1335 2811 δ’

218 2860 231 2924 ὁ
266 2861 399 2939 ποταμὸς
413 2910 438 2925 ..
454 2911 479 2924 ..
514 2860 678 2938 ἐμβάλλων
708 2858 760 2924 καὶ
791 2858 964 2941 παραφέρων
987 2861 1134 2924 ἀπώλλυε.
1159 2859 1251 2924 Diod
1275 2861 1336 2926 Sic.

221 2975 273 3057 18,
303 2977 344 3038 35
374 2973 409 3037 δι’
434 2968 470 3036 ὧν
494 2970 646 3053 ἐξεδέχετο
668 2973 735 3045 τοὺς
757 2972 1011 3054 παραφερομένους
1036 2974 1091 3038 ὑπὸ
1115 2977 1164 3037 τοῦ
1188 2979 1335 3052 ποταμοῦ.
1458 3010 1464 3027 ,

140 3138 145 3155 ,
218 3089 301 3154 Plut.
333 3091 420 3154 Arat.
451 3091 510 3168 45,
542 3087 632 3154 Dem.
664 3091 714 3171 21,
739 3090 789 3152 53.
812 3088 951 3170 Thucyd.
977 3090 1006 3171 5,
1031 3087 1081 3170 26,
1106 3089 1124 3150 3
1149 3084 1199 3150 καὶ
1223 3086 1334 3167 ἡμέρας

219 3202 249 3267 οὐ
272 3200 387 3274 τολλας
411 3199 652 3282 ταρενερκούσας.

263 3316 338 3382 Huc
373 3315 488 3381 addere
523 3317 596 3381 licet
627 3317 655 3398 7,
687 3317 715 3397 5,
747 3312 841 3378 4κοι1
866 3320 975 3394 Δωριῆς
999 3313 1098 3376 Ἰώνων
1121 3311 1170 3376 καὶ
1194 3317 1334 3386 νησιωτῶν

219 3428 271 3495 καὶ
294 3426 465 3508 ξυγκλύδων
489 3428 639 3509 ἀνθρώπων
663 3426 861 3508 κρατήσαντες
884 3423 1078 3501 ἕξελοὶοασθαν
1098 3427 1131 3490 ἐκ
1150 3432 1204 3499 τῆς
1222 3426 1332 3506 χώρας.

221 3544 302 3608 Oum
325 3548 510 3627 contemptu
532 3544 593 3606 hoc
617 3543 752 3607 uerbum
778 3579 819 3588 —
841 3537 971 3618 ξύγκλυς
998 3578 1038 3588 -
1063 3546 1111 3605 est
1131 3540 1259 3604 dictum.
1273 3538 1333 3603 01.

219 3656 288 3721 Idu.
314 3657 365 3740 26,
387 3658 440 3722 40.
464 3655 559 3719 Mixti
582 3675 624 3720 ex
647 3651 734 3719 omni
760 3655 941 3719 colluuione
965 3654 1079 3718 exules
1100 3653 1246 3718 obaerati.
1264 3652 1334 3718 Tae.

219 3772 304 3835 Ann.
330 3771 358 3853 2,
383 3771 423 3833 55
447 3770 602 3834 colluuies
625 3769 799 3833 nationum.
823 3767 883 3832 Otr.
908 3767 981 3832 Plat
998 3765 1047 3832 De
1065 3766 1142 3851 Rep.
1162 3769 1191 3841 8,
1211 3767 1274 3831 569
1295 3770 1334 3830 Α.

222 3884 369 3949 Ceterum
393 3887 429 3947 ut
450 3883 536 3946 idem
556 3881 712 3966 significet
732 3882 834 3945 utitur
851 3880 1052 3962 Thucydides
1064 3879 1221 3944 uocabulo
1237 3875 1333 3960 ,ξύρο-

221 3996 368 4075 μενκτος”.
393 3996 453 4061 cfr.
478 4000 508 4080 4,
532 3996 604 4079 106,
629 3998 664 4076 1,
689 3998 718 4079 4,
743 3996 815 4078 109,
838 3997 876 4076 4,
901 3995 930 4077 6,
953 3997 984 4077 4,
1005 3995 1042 4074 6,
1064 3994 1092 4077 6,
1113 3994 1164 4076 17,
1184 3997 1212 4057 2.
1224 3994 1334 4058 Unum

222 4113 326 4176 adhuc
359 4116 457 4176 restat
491 4111 529 4175 de
564 4129 627 4193 quo
661 4129 801 4198 agamus.
831 4108 882 4173 Ab
914 4109 1106 4172 astronomia
1129 4110 1262 4191 petitum
1286 4113 1335 4172 est

223 4226 359 4291 uerbum
389 4224 475 4308 quod
505 4224 623 4307 legitur
654 4225 682 4304 2,
706 4222 757 4303 36,
781 4223 800 4284 3
823 4218 887 4284 οἵδε
910 4220 933 4284 οἱ
956 4226 1005 4285 νῦν
1029 4217 1070 4283 ἔτι
1094 4217 1172 4291 ὄντες
1196 4217 1333 4298 μαλιστα

222 4339 250 4402 ἐν
280 4346 316 4418 τῇ
342 4336 534 4419 καθεστηκυῖα
556 4336 661 4420 ἡλικία,
687 4338 743 4420 qui
766 4355 853 4400 nunc
875 4355 988 4401 sumus
1010 4337 1134 4420 integra
1156 4340 1187 4399 et
1211 4340 1334 4400 matura

1220 4443 1236 4497 9
