3038 4980
747 529 788 591 51

198 718 266 788 cfr.
295 719 407 801 Polyb.
440 720 469 801 3,
494 719 545 801 87,
570 717 586 780 l
610 713 748 794 μεγάλην
770 716 891 780 ἕτιιεῖτι
914 713 1040 788 σπουδὴν
1064 714 1135 796 ὑπὲρ
1157 721 1211 789 τῆς
1237 715 1313 780 otra-

197 833 316 914 λήψεως
348 834 400 897 κιιὶ
434 829 583 912 θεραπείαις
617 833 673 894 τῶν
707 829 823 910 ἀνδρῶν.
861 828 1019 894 Homines
1053 829 1100 892 illi
1128 828 1315 895 laborabant

200 947 314 1031 scabie,
337 947 430 1011 cuius
460 964 556 1009 causa
586 948 634 1008 est
657 944 792 1028 penuria
816 944 1039 1007 alimentorum
1062 962 1207 1027 ususque
1229 942 1315 1007 cibo·

199 1081 273 1126 rum
295 1059 525 1138 insalubrium3
549 1053 712 1136 λιμόψωριι
737 1057 816 1120 dico.
841 1055 903 1122 Cir.
927 1056 1069 1139 Thucyd.
1089 1057 1119 1140 6,
1139 1056 1191 1140 26,
1210 1057 1229 1119 2
1250 1052 1315 1135 ἄρτι

198 1172 225 1237 δ’
258 1171 425 1254 droctaldus
455 1172 472 1244 ἡ
503 1167 587 1242 πόλις
617 1168 724 1242 iacula
746 1169 807 1233 otri
829 1174 884 1242 τῆς
910 1167 999 1233 νότου.
1025 1169 1087 1233 Ofr.
1111 1169 1206 1254 Soph.
1228 1168 1313 1236 Phil.

201 1287 287 1350 1249
318 1284 371 1357 τὴν
401 1282 550 1364 ἁμιιρτίιιι
572 1281 740 1360 ἀντιλαβεῖν
763 1280 947 1366 madaba,
972 1288 1003 1347 et
1024 1283 1134 1367 Eurip.
1156 1281 1224 1347 Ion.
1249 1282 1313 1345 426

199 1399 257 1465 ubi
279 1397 516 1463 Herwerdenus
536 1397 647 1461 uertit:
672 1414 826 1480 reparare.
849 1394 894 1459 Hi
916 1398 1014 1481 igitur
1036 1397 1145 1462 eadem
1167 1398 1219 1461 usi
1239 1400 1316 1461 sunt

199 1513 417 1578 translatione.
441 1510 504 1574 Ofr.
529 1513 623 1574 etiam
646 1508 729 1574 Xen.
753 1508 823 1574 Hel.
848 1509 878 1592 6,
901 1511 930 1593 5,
954 1510 1005 1573 21.

244 1626 319 1691 Huc
341 1627 419 1690 mihi
443 1625 572 1709 quidem
595 1626 753 1708 pertinere
775 1625 905 1688 uidetur
929 1626 957 1702 2,
982 1625 1032 1708 16,
1057 1625 1074 1687 l
1096 1621 1195 1695 ἄλλως
1216 1647 1250 1688 τε
1261 1621 1315 1688 aa>

198 1739 264 1821 ἄρτι
286 1737 477 1822 ἀνειληφότες
499 1737 555 1810 τὸις
579 1737 766 1810 κιιτιιτιιευιις
789 1736 870 1816 μετὰ
892 1737 932 1802 τὰ
956 1736 1085 1812 Madent.
1111 1738 1191 1803 Eam
1216 1740 1315 1803 buius

200 1856 292 1920 uocis
316 1853 506 1919 sententiam
529 1852 584 1916 alii
606 1853 855 1937 interpretantur
874 1856 910 1916 ut
933 1852 1017 1916 idem
1041 1852 1147 1917 ualeat
1169 1872 1206 1916 ac
1230 1853 1316 1936 quod

202 1969 242 2033 de
273 1966 422 2031 manibus
452 1966 571 2030 excidit
593 1965 719 2045 tollere;
743 1969 775 2029 at
798 1984 906 2029 secum
930 1969 966 2030 ut
988 1965 1123 2030 facerem
1146 1984 1196 2030 me
1219 1966 1316 2030 addu-

201 2101 275 2146 cere
308 2100 374 2144 non
404 2083 587 2165 potuerunt.
618 2079 671 2142 Ad
701 2079 785 2144 idem
814 2098 917 2163 genus
947 2080 1164 2144 reuocandum
1188 2080 1317 2144 uidetur

201 2195 234 2260 τὸ
269 2192 434 2277 ἀιιιφέρειι,
465 2195 496 2276 8,
526 2194 577 2276 97,
608 2194 627 2255 2
659 2190 711 2255 aa)
741 2192 773 2255 ἐκ
800 2192 924 2273 τριήρων
945 2195 1001 2256 τῶν
1024 2189 1211 2272 τριιγμιέτιιι
1234 2215 1316 2269 γενι-

203 2306 297 2387 ριέιωι
320 2312 404 2372 τοῦτο
427 2309 535 2388 πρῶτον
558 2304 699 2383 ἀνήνεγκε
722 2305 774 2378 τὴν
797 2307 888 2370 πόλιν.
910 2306 982 2371 Ηοο
998 2308 1139 2391 primum
1152 2308 1315 2372 ciuitatem

204 2422 354 2487 afflictam
377 2421 486 2486 erexit.
511 2419 571 2483 Otr.
595 2419 680 2486 Plut.
704 2420 801 2504 Ages.
826 2421 856 2486 5.

250 2535 419 2619 Ceteroqui
450 2554 515 2599 non
545 2535 629 2611 cadit
656 2535 976 2598 inconsuetudinem
1000 2535 1060 2598 hoc
1083 2533 1228 2617 uerbum,
1251 2533 1314 2597 nisi

205 2652 292 2736 quod
314 2651 502 2734 posteriores
526 2649 565 2713 de
583 2648 747 2713 medendis
766 2650 901 2734 aegrotis
921 2649 1131 2732 intransitiue,
1143 2652 1180 2712 ut
1192 2646 1318 2731 dicitur,

204 2785 242 2832 eo
266 2770 343 2830 sunt
365 2757 441 2828 usis

248 2879 314 2943 Ubi
336 2877 467 2942 morbus
489 2877 534 2941 ibi
556 2896 649 2962 saepe
671 2880 827 2962 contagio,
848 2897 930 2962 quae
949 2880 1068 2943 sensim
1080 2879 1208 2963 lougius
1221 2879 1318 2963 serpit

205 2998 236 3058 et
267 2995 302 3055 in
330 2992 437 3077 plures
469 2990 629 3076 uulgatur.
659 2976 847 3068 Νιριίσιιιτες
874 2991 898 3055 εἱ
920 2990 963 3069 μὴ
986 2971 1265 3072 τρικιιτιιλιῆψοιτιιι
1288 2992 1318 3054 ἐν

204 3104 295 3186 τάχει
328 3103 378 3168 ἐπὶ
411 3104 499 3169 πλέον
531 3103 713 3185 propalaretur
747 3102 836 3169 ιιύτιέ.
875 3107 903 3190 5,
935 3107 986 3189 57,
1018 3108 1035 3169 1
1070 3106 1254 3173 metuebant
1277 3125 1318 3171 ne

205 3224 392 3288 societatum
426 3220 557 3284 defectio
591 3220 718 3305 longius
753 3225 900 3305 serperet.
936 3220 1000 3287 err.
1034 3223 1062 3305 7,
1095 3223 1146 3305 56,
1178 3224 1318 3306 3quem

205 3337 313 3400 locum
337 3339 521 3419 corruptum
545 3336 674 3419 quidem
699 3335 753 3399 sed
778 3355 841 3399 non
866 3336 1067 3420 desperatum
1091 3355 1161 3401 esse
1182 3336 1319 3400 ostendit

206 3449 450 3515 Herwerdenus.
475 3446 537 3512 Cic.
562 3450 627 3514 Att.
653 3450 681 3532 1,
706 3450 757 3533 13,
782 3451 801 3512 3
822 3450 930 3513 eadem
951 3450 1161 3516 similitudine
1179 3470 1258 3515 usus
1271 3454 1320 3514 est

206 3565 285 3629 haec
304 3563 465 3629 scribensr
485 3583 598 3629 uereor
617 3582 658 3627 ne
670 3563 730 3627 hoc
743 3563 829 3648 quod
841 3563 994 3628 infectum
1007 3569 1055 3628 est
1067 3568 1171 3649 serpat
1182 3564 1319 3649 longius.

251 3677 340 3743 Haec
362 3678 514 3763 leguntur
536 3677 621 3762 apud
642 3676 858 3757 Thucydidem
882 3678 912 3760 4,
936 3678 967 3760 4,
991 3679 1010 3740 2
1033 3677 1193 3743 Uasorum
1212 3679 1321 3762 inopia

206 3792 297 3856 ibant
331 3793 457 3856 curuati
490 3791 639 3856 manibus
669 3792 704 3854 in
735 3794 822 3875 tergo
853 3793 1007 3856 consertis
1030 3793 1135 3856 lutum
1159 3796 1319 3857 tenentes:

208 3905 249 3969 τὼ
278 3911 361 3985 χεῖρε
389 3905 419 3978 ἐς
445 3903 571 3968 τούπίσω
595 3900 820 3981 §curaturam
845 3902 909 3967 Hic
932 3905 1060 3988 quidem
1084 3924 1194 3970 ueram
1217 3910 1321 3971 trans-

208 4021 360 4085 lationem
383 4039 449 4083 non
472 4018 627 4084 habemus
646 4022 783 4084 attamen
803 4019 903 4082 uerbo
925 4014 1112 4103 ξυμπλέκειι,
1125 4023 1322 4103 connectere,

123 4197 127 4210 ,
209 4138 388 4216 contexere,
421 4133 529 4218 paullo
563 4133 755 4197 insolentius
789 4137 846 4196 aut
877 4151 935 4216 per
965 4130 1150 4213 κιιτιέχρςτιι
1173 4134 1233 4197 hoc
1256 4151 1322 4197 uno

207 4249 278 4314 loco
301 4246 382 4312 u‘sus
405 4251 454 4311 est
476 4251 586 4311 auctor
608 4250 726 4311 noster.

253 4361 329 4427 Huc
351 4363 509 4446 pertinere
532 4361 660 4426 uidetur
682 4357 841 4446 Φιρμιςδόι,
864 4360 950 4443 quod
969 4360 1163 4426 uocabulum
1175 4359 1225 4426 bis
1237 4359 1322 4445 apud
