3038 4980
708 769 801 834 XXI.

239 961 361 1026 Terent.
384 960 518 1045 Adelph.
543 959 624 1043 1‚2,
649 959 708 1023 65:

306 1073 386 1138 Cum
409 1075 509 1158 pleon,
531 1092 662 1138 euersor
685 1073 796 1137 sedulo
819 1078 850 1138 ot
874 1073 1014 1138 deterreo

304 1186 421 1252 Tamen
445 1189 505 1251 uix
522 1187 662 1251 humano
683 1188 819 1270 patitur:
843 1205 957 1251 norum
981 1187 1009 1249 ei
1033 1203 1177 1268 augeam.

241 1300 304 1365 Pro
331 1300 477 1383 „tomen”
500 1301 625 1386 legetur
649 1299 767 1383 „tum’'.

698 1512 806 1578 XXII.

244 1699 337 1765 Ovid.
361 1700 491 1765 Heroid.
515 1701 544 1782 1,
567 1702 626 1763 44:

363 1816 407 1879 At
430 1813 646 1879 benecautus
670 1833 749 1896 eras,
772 1818 803 1879 et
825 1833 946 1879 memor
968 1818 1041 1879 onte
1068 1814 1138 1878 mei.

241 1927 380 2013 Legatur
402 1947 476 1992 oum
498 1926 708 1992 Baehrenoioz

375 2042 424 2105 A!
448 2040 666 2106 benecautus
691 2059 760 2105 eras
783 2044 815 2104 et
837 2044 1052 2105 memorante
1074 2041 1146 2105 mei.
1178 2088 1182 2093 .

690 2249 816 2314 XXIII.

244 2439 316 2503 Liu.
342 2440 393 2522 22,
417 2441 467 2503 31.
491 2437 665 2504 Deleantur
688 2436 802 2502 norbo:
827 2442 859 2502 ot
881 2439 1068 2521 priusquam
1092 2438 1126 2499 in
1149 2437 1313 2501 confinen-

198 2559 263 2619 tem
287 2554 503 2619 escensionem
525 2551 649 2618 feneret.

696 2762 820 2827 XXIV.

245 2941 315 3006 nu.
340 2942 392 3023 34,
416 2941 451 3003 o:
473 2939 571 3004 runa
590 2939 704 3004 deinde
723 2937 879 3003 nurnero
898 2937 959 3002 fun
980 2939 1057 3021 quin
1078 2956 1189 3002 omnes
1210 2901 1322 3002 nnus

199 3058 303 3140 legem
346 3053 533 3138 abrogarent
566 3051 697 3140 (uigInti
731 3053 824 3117 annin
853 3056 925 3137 post
955 3052 1106 3135 abrogata
1137 3055 1185 3116 ost
1215 3069 1312 3135 quam

198 3167 283 3250 lata).
305 3165 481 3233 Deleantur
504 3184 586 3250 quae
608 3165 735 3230 uncinIs
757 3165 882 3228 inclusi.

706 3374 812 3440 XXV.

245 3553 319 3619 Sall.
342 3551 410 3617 Bel.
434 3550 502 3636 Ing.
528 3552 559 3635 8,
584 3553 621 3613 2:
646 3550 681 3615 Si
703 3569 889 3634 permonere
912 3550 1009 3614 uellet
1032 3552 1067 3614 in
1090 3552 1158 3615 suis
1182 3550 1313 3617 artibus,

244 3665 399 3750 Legetnr:
424 3663 575 3749 pertibus.

698 3874 821 3939 XXVI

246 4051 322 4117 Sall.
354 4051 419 4115 Bel.
450 4050 519 4136 Iug.
544 4053 573 4134 3,
596 4053 633 4114 2:
656 4050 738 4116 Nam
763 4051 798 4115 ui
822 4050 951 4134 quidem
974 4068 1083 4134 rogere
1104 4052 1238 4135 patriam
1262 4055 1317 4115 eut

203 4170 359 4250 parentes,
394 4185 592 4249 quamquem
628 4170 659 4230 et
692 4167 796 4249 possis
826 4170 857 4230 ot
889 4163 1002 4229 delicta
1032 4166 1179 4249 corrigere,
1209 4169 1315 4230 tamen

203 4281 424 4365 importunum
449 4284 504 4344 ost.
