3038 4980
157 1504 177 1585 ξ
203 1504 230 1566 1.
257 1502 493 1567 Troaslotioaes
514 1502 553 1568 ab
575 1503 642 1587 ipro
664 1502 785 1567 homine
806 1502 932 1588 eiusque
954 1523 1079 1584 corpora
1099 1505 1226 1584 petitae.

178 1714 246 1779 Sibi
271 1716 417 1799 quisque,
440 1719 476 1779 ut
498 1716 597 1797 aiunt,
620 1719 734 1778 natura
755 1717 892 1798 propior.
916 1712 1009 1790 Quod
1032 1734 1105 1779 oum
1128 1717 1173 1779 ita
1197 1716 1248 1799 sit,

132 1827 203 1892 fieri
236 1847 303 1891 non
335 1831 454 1913 potuit,
482 1830 561 1912 quin
594 1829 688 1892 homo
719 1830 788 1913 ipse
819 1827 881 1892 sibi
912 1848 1037 1913 semper
1058 1828 1132 1893 fons
1154 1829 1253 1893 fuerit

132 1943 325 2022 uberrimae,
348 1963 365 2008 e
388 1963 452 2028 quo
474 1948 581 2028 posset
603 1945 730 2008 haurire
753 1944 871 2008 multas
894 1945 1126 2008 translationes.

179 2058 375 2143 Incipiamus
406 2058 445 2122 ab
475 2060 544 2143 ipso
571 2060 699 2122 uertice.
722 2054 798 2128 ίτῳς
821 2056 902 2120 κατα
925 2056 1051 2139 κορυφὴν
1075 2056 1252 2134 ἕτβααρῦτα

134 2169 164 2244 ἒς
187 2171 239 2244 τὴν
263 2173 344 2236 αατὼ
366 2170 559 2245 Μακεδονίαν,
582 2175 611 2255 2,
633 2174 684 2255 99,
706 2172 769 2252 11).
789 2172 821 2235 A
839 2173 924 2257 iugis
938 2175 1106 2256 montium,
1118 2192 1193 2236 nam
1206 2174 1253 2236 sio

134 2285 235 2351 uerba
264 2287 500 2370 interpretanda
527 2286 688 2370 uidentur,
711 2287 746 2348 in
769 2284 988 2348 Macedoniam
1011 2285 1145 2350 inferius
1168 2287 1252 2369 posi-

134 2404 202 2464 tam
230 2402 387 2485 impetum
408 2400 512 2465 lacere
533 2404 654 2484 parant.
677 2398 746 2463 Iam
771 2401 839 2484 ipse
861 2399 1023 2464 Homerus
1046 2400 1129 2463 hano
1152 2419 1251 2463 uoou-

135 2515 199 2578 lam
234 2513 274 2578 ab
305 2514 432 2578 homine
463 2516 497 2577 in
528 2518 668 2578 montem
698 2514 871 2577 transtulit.
902 2512 938 2576 Il.
963 2515 992 2591 2,
1014 2514 1091 2577 456.
1111 2514 1252 2594 Thucyd.

136 2629 236 2693 semel
258 2632 384 2692 tantum
407 2648 489 2693 usus
512 2633 560 2692 est
582 2629 641 2692 hae
663 2629 856 2712 metaphora.

181 2740 285 2826 Gaput
319 2744 459 2826 eorporis
493 2744 592 2806 totius
623 2760 692 2806 esse
723 2742 852 2806 uidetur
873 2760 947 2824 pars
968 2742 1147 2825 praecipua.
1171 2741 1251 2805 Inde

136 2859 212 2919 nata
235 2860 283 2920 est
306 2856 471 2920 translatio
495 2855 733 2919 huiuscemodi:
757 2852 892 2931 λέγοντες
915 2850 997 2916 ἄλλα
1019 2877 1052 2917 τε
1075 2853 1175 2918 πολλὰ
1197 2851 1250 2917 καὶ
1289 2937 1292 2945 Ι

137 2965 310 3048 κεφαλαια,
332 2969 360 3052 6,
374 2969 403 3052 6,
416 2972 445 3052 2,
458 2973 489 3033 et
501 2971 640 3034 dieentes
653 2968 715 3032 alia
726 2973 757 3032 et
769 2969 847 3032 haee
860 2987 942 3052 quae
954 2973 1043 3032 erant
1054 2970 1252 3053 grauissima.

138 3082 251 3167 (11.4,
277 3084 327 3167 50,
352 3087 380 3147 2.
405 3084 567 3169 Singulari
591 3103 724 3148 numero
747 3084 806 3147 hae
828 3085 861 3146 in
886 3102 919 3147 re
942 3084 989 3147 uti
1014 3087 1254 3148 consueuerunt

138 3199 324 3281 scriptores3
360 3199 457 3263 semel
480 3203 606 3263 tantum
628 3218 709 3263 usus
732 3203 781 3262 est
802 3197 1004 3280 Thucydides
1027 3217 1161 3262 numero
1184 3198 1254 3282 plu-

138 3311 214 3374 rali:
239 3311 269 3375 ἕα
292 3310 472 3396 κεφαλαίοις,
496 3313 525 3394 6,
549 3314 602 3396 87,
626 3312 653 3375 1.
674 3311 726 3375 Ab
750 3313 800 3376 his
820 3312 953 3396 paulum
973 3311 1160 3396 discrepant,
1173 3332 1256 3396 quae

141 3425 170 3509 1,
195 3425 248 3509 36,
272 3427 291 3488 3
314 3425 482 3510 leguntur:
507 3423 691 3506 βραχυταίτῳ
714 3424 740 3489 δ’
764 3423 800 3489 ἂν
819 3424 975 3508 κεφαλαίῳ
993 3432 1055 3498 τοῖς
1074 3450 1107 3491 τε
1118 3422 1256 3503 ξύμτατι

139 3536 192 3602 καὶ
216 3538 281 3602 καθ’
305 3536 435 3613 ἕκαστον,
460 3539 526 3619 τῷδ’
552 3538 588 3602 ίαν
611 3537 654 3617 μὴ
677 3537 810 3619 προέσθαι
834 3539 915 3617 ἡμεῖς
939 3536 1066 3617 μαίίατε.
1092 3539 1144 3604 Sic
1167 3543 1255 3605 enim

138 3653 240 3738 uulgo
274 3653 351 3718 haee
384 3653 482 3718 uerba
516 3654 675 3739 leguntur.
709 3654 798 3718 Bene
830 3653 905 3718 feeit
939 3655 1025 3738 quod
1059 3657 1258 3737 transposuit

138 3764 385 3851 Herwerdenus,
418 3769 463 3832 ita
497 3772 532 3831 ut
566 3770 637 3832 uiro
668 3768 849 3832 doctissimo
882 3773 1010 3833 auctore
1043 3771 1089 3837 sie
1111 3769 1256 3853 legamus

138 3886 201 3952 ταῖς
236 3904 269 3944 τε
298 3877 434 3960 &ianuar
458 3879 509 3945 καὶ
533 3882 598 3946 καθ’
621 3878 752 3955 ἕκαστον,
776 3879 962 3962 βραχυτάτῳ
987 3881 1014 3946 δ’
1039 3880 1075 3946 ίαν
1098 3882 1256 3964 κεφαλαίῳ

139 3992 213 4073 τῷδε
242 3992 287 4072 μὴ
317 3991 449 4075 τρεὲτίαι
479 3993 560 4072 ἡμᾶς
586 3993 714 4073 μαίίατε.
738 3995 783 4060 Ut
806 3998 912 4060 omnia
932 3997 1044 4081 paucis
1068 3998 1255 4081 complecta-

143 4161 289 4172 ——

175 4256 203 4323 l)
230 4256 341 4309 Numeri
366 4255 462 4322 quibus
486 4260 546 4308 utor
567 4257 600 4307 ad
617 4256 765 4308 indicandos
781 4257 866 4308 uarios
880 4258 947 4308 locos
965 4260 1029 4309 sunt
1045 4257 1063 4308 ii
1080 4257 1176 4323 quibus
1193 4273 1259 4310 usus

144 4353 183 4401 est
202 4349 400 4402 Herwerdenus.
