3038 4980
750 507 792 570 23

251 694 316 760 Res
339 695 421 760 male
443 713 478 760 se
501 693 620 760 habent
644 696 672 779 7,
695 697 748 780 48,
772 697 789 759 1
814 695 919 770 άσθενῆ
942 695 983 762 τά
1004 694 1183 779 πράγματα.

254 806 389 886 Δύναμις
409 811 502 894 uigor
524 809 713 874 transfertur
737 811 766 894 5,
789 810 841 895 20,
865 814 884 876 3
908 807 942 886 ἐξ
963 809 1099 891 ἡμισείας
1118 807 1251 893 ἑκατέραν
1270 812 1322 875 τοῦ

206 923 336 986 ἐνιαυτοῦ
359 919 411 995 την
435 920 560 1000 δύναμιν
582 919 712 1002 ἔχοντος,
737 943 778 988 ex
800 925 852 989 his
874 924 1029 989 ambabus
1053 924 1225 989 dimidiatis
1245 925 1322 988 anni

205 1036 361 1122 partibus,
389 1055 471 1123 quae
502 1057 622 1101 annum
647 1037 829 1102 conficiunt.
854 1039 883 1122 6,
907 1039 960 1122 46,
985 1041 1014 1123 3,
1035 1034 1057 1103 ά
1080 1035 1150 1102 ὄντα
1172 1035 1321 1120 scapua

205 1149 307 1230 πολλῷ
341 1147 429 1212 utria
465 1146 518 1221 την
553 1146 619 1230 ὄφιν
648 1148 704 1212 άτ’
735 1147 836 1228 ὀλίγης
869 1148 1019 1228 δυνάμεως
1050 1149 1216 1235 παρείχετο,
1239 1170 1322 1235 quae

206 1267 356 1349 argentea
378 1283 451 1327 oum
475 1267 590 1347 essent,
614 1266 764 1348 quamuis
787 1267 897 1349 exigui
919 1268 1022 1351 pretii,
1045 1266 1147 1330 multo
1168 1267 1321 1330 maiorem

204 1378 407 1445 intuentibus
429 1377 623 1464 praebebant
646 1381 799 1464 speciem,
820 1376 944 1458 δύναμις
966 1380 1066 1465 igitur
1083 1380 1223 1444 hocloco
1235 1380 1320 1445 idem

205 1494 294 1558 ualet
317 1513 353 1557 ac
376 1495 522 1577 pretium.

249 1607 302 1670 Ad
334 1605 550 1671 infirmitatem
581 1608 728 1690 proxime
758 1608 879 1673 accedit
909 1612 1074 1689 senectus3
1107 1627 1206 1692 quare
1237 1626 1320 1692 quae

203 1721 429 1786 translationes
460 1720 535 1784 inde
566 1724 643 1785 sunt
673 1724 819 1804 sumptae
848 1721 901 1784 hic
924 1740 1021 1786 suum
1043 1720 1180 1786 habeant
1203 1720 1319 1786 locum.

250 1834 383 1916 Ἀγάρνιν
417 1831 532 1898 ἔπαινον
561 1833 734 1912 ἐλάμβανον
765 1837 794 1918 2,
826 1837 878 1918 43,
909 1837 1163 1900 2immortalem
1186 1836 1319 1921 gloriam

203 1951 290 2014 nacti
314 1953 398 2014 sunt.
423 1951 452 2032 2,
475 1950 528 2033 44,
550 1950 572 2013 4
594 1947 627 2012 τὸ
651 1946 708 2029 γάρ
732 1946 888 2030 Φιλότιμον
906 1947 1021 2031 άνηρνιν
1040 1951 1134 2028 μόνον.
1147 1949 1221 2015 Sola
1232 1951 1318 2016 enim

204 2065 305 2151 gloria
329 2063 527 2129 immortalia.

249 2177 353 2243 Semel
374 2181 500 2241 tantum
524 2177 554 2260 6,
578 2177 629 2261 18,
653 2177 672 2240 6
697 2178 836 2242 occurrit
858 2176 994 2242 uerbum
1014 2174 1213 2262 ἐνγηράσνιειν,
1232 2178 1319 2262 quod

202 2296 310 2357 tamen
333 2290 569 2357 Herwerdenns
591 2295 628 2356 ut
652 2295 837 2377 corruptum
861 2291 1047 2357 exsibilauit
1065 2296 1098 2358 et
1116 2293 1260 2378 explosit
1273 2292 1319 2357 nt

201 2408 237 2470 in
273 2407 384 2472 ceteris
418 2406 488 2470 uiro
524 2406 705 2470 doctissimo
739 2404 831 2470 facile
860 2405 962 2471 fasces
994 2405 1184 2473 submittens
1207 2410 1242 2471 in
1266 2410 1317 2475 his

202 2541 269 2585 non
298 2540 430 2606 possum
460 2539 527 2585 non
550 2519 695 2585 dubitare
718 2524 845 2586 rectene
867 2521 985 2586 uiderit
1007 2541 1140 2606 remque
1162 2524 1222 2588 rite
1245 2524 1317 2589 diu-

203 2636 366 2700 dicauerit.
395 2634 509 2719 Neque
533 2637 617 2701 enim
640 2633 742 2699 forma
764 2634 856 2699 uerbi
877 2654 983 2719 neque
1006 2637 1058 2700 uis
1080 2637 1213 2720 impedit
1238 2639 1318 2722 quin

202 2749 289 2834 quod
312 2753 360 2814 est
381 2749 535 2814 traditum
557 2747 693 2814 uerbum
717 2747 756 2812 ab
780 2750 849 2833 ipso
868 2748 1052 2832 Thucydide
1071 2751 1112 2814 sit
1130 2750 1315 2834 profectum.

202 2864 267 2942 Qui
300 2883 393 2948 porro
424 2885 443 2928 a
472 2866 544 2929 uiro
576 2864 667 2928 docto
691 2863 866 2928 afferuntur
888 2863 986 2947 10011)
1012 2865 1200 2929 sententiam
1223 2865 1316 2930 uerbi

199 2981 458 3062 interpretantur,
480 2980 587 3062 ipsum
610 2977 745 3042 uerbum
765 2996 831 3041 non
848 2977 987 3042 reddunt
1006 2982 1199 3062 suspectum.
1212 2977 1315 3045 immo
1416 2984 1420 2991 ’

200 3093 282 3157 illud
315 3089 485 3157 αειιαίνοιται
521 3092 550 3176 1,
586 3092 636 3175 11,
670 3093 689 3154 3
722 3111 786 3175 quo
815 3092 850 3154 in
883 3090 992 3156 eadem
1025 3092 1128 3156 utitur
1158 3095 1316 3158 sententia

200 3211 321 3289 auctor,
344 3206 422 3270 satis
445 3223 606 3289 superque
627 3204 747 3269 indicat
769 3203 905 3270 uerbum
928 3201 1120 3285 ἐγγηράσιιειν
1141 3207 1193 3270 hio
1217 3227 1314 3273 suum

200 3320 343 3387 obtinere
365 3321 481 3385 locum.
506 3318 689 3397 Quiescenti
710 3319 791 3382 nihil
814 3319 971 3402 procedit,
992 3319 1070 3384 haec
1089 3323 1137 3385 est
1155 3324 1192 3385 ut
1203 3323 1314 3405 paucis

199 3440 303 3502 totum
326 3436 525 3520 complectar,
547 3436 645 3500 huius
668 3435 730 3500 loci
753 3436 916 3501 sententia.
936 3430 996 3499 Kal
1015 3432 1174 3513 νομίσατε.
1188 3482 1196 3498 .
1210 3482 1240 3500 ..
1261 3434 1314 3509 την

199 3550 294 3626 πάλιν,
317 3549 367 3615 ἐάν
391 3549 445 3629 μὲν
468 3547 617 3631 ἧσοχάζη,
640 3547 793 3631 τρίψεσάοά
813 3573 846 3614 τε
866 3547 959 3623 αὐτην
978 3547 1042 3633 περὶ
1060 3550 1152 3624 αὐτην
1171 3548 1247 3633 εἴπερ
1259 3548 1311 3615 καὶ

198 3663 276 3731 ἄλλο
299 3689 336 3737 τι,
361 3662 414 3729 καὶ
438 3661 555 3729 πάντων
578 3663 630 3737 την
654 3662 819 3742 ἐπιστήμην
842 3662 1064 3746 ἐγγηράσεσθοιι.

244 3779 389 3844 Uerbum
412 3775 568 3860 γηράσκειν
588 3798 652 3842 non
677 3778 781 3843 solum
805 3777 963 3842 derebus
987 3778 1043 3843 sed
1066 3778 1161 3843 etiam
1182 3779 1221 3843 de
1242 3798 1314 3864 per·

199 3895 288 3960 sonis
319 3913 417 3959 sensu
445 3893 598 3958 translato
631 3893 694 3957 dici
726 3891 866 3957 ostendit
887 3891 980 3976 Soph.
1005 3890 1039 3956 Ο.
1063 3891 1100 3957 R„
1125 3892 1189 3956 872
1214 3889 1313 3970 μένας

198 4009 229 4073 ἕν
252 4005 361 4080 τούτοις
386 4004 454 4081 θεάς,
478 4005 541 4071 οὐδὲ
563 4003 710 4087 γηράσκει.
736 4005 797 4071 cfr.
816 4005 886 4071 inu.
907 4007 958 4090 29,
979 4008 1008 4089 3,
1029 4006 1079 4069 15.
1098 4005 1313 4072 Hannibalem

199 4128 232 4190 et
254 4123 339 4187 fama
361 4141 526 4188 senescere
549 4127 580 4187 et
602 4121 727 4186 uiribus
750 4125 781 4186 et
802 4120 873 4186 Liu.
898 4122 927 4205 1,
951 4122 992 4184 22
1014 4140 1177 4187 senescere
1199 4123 1313 4186 ciuita-

233 4359 259 4429 1)
275 4359 300 4424 1,
317 4357 365 4425 713
382 4356 406 4426 3,
423 4356 481 4422 lla,
497 4356 521 4410 o.
