3038 4980
640 485 680 546 31

108 668 193 751 dent,
216 687 289 733 cum
315 671 419 734 omnis
441 669 540 734 libere
563 671 679 755 agendi
701 670 834 735 facultas
858 673 927 735 suis
946 672 1108 737 mentibus
1121 677 1228 758 erepta

108 801 179 846 esse
208 782 365 847 uideatur.
396 782 458 849 Cfr.
491 786 521 867 2,
544 785 596 867 61,
620 786 639 847 3
663 783 768 858 δουλοῖ,
782 783 838 864 γαρ
861 782 1000 866 φρόνημα
1022 786 1055 849 τὸ
1079 785 1227 867 αἰφνίδιον

108 892 159 977 καὶ
187 893 409 976 οέπροοδθκντον,
432 896 551 981 frangit
576 899 660 962 enim
686 900 834 981 spiritum
858 904 890 963 et
911 898 1090 964 libertatem
1115 901 1228 965 adimit

108 1029 203 1074 casus
237 1012 424 1094 repentinus
459 1015 490 1075 et
522 1012 755 1095 inexpectatus.
790 1010 851 1075 en.
881 1011 992 1096 Eurip.
1023 1011 1122 1097 Hipp.
1152 1014 1228 1079 426.

106 1123 276 1188 Notandus
301 1127 395 1188 etiam
420 1145 500 1189 usus
524 1125 616 1189 uerbi
640 1126 799 1205 ἐλευθεροῦν
824 1128 853 1209 3,
878 1127 929 1210 51,
952 1128 982 1211 3,
996 1128 1080 1191 inter
1090 1128 1231 1192 insulam

108 1240 390 1322 continentemque
412 1239 514 1303 libera
536 1240 680 1304 redditur
703 1243 877 1325 nauigatio.

154 1351 265 1416 Cetera
296 1371 424 1436 quoque
455 1355 586 1417 nomina
617 1373 699 1438 quae
731 1357 820 1418 naria
850 1354 1044 1418 famulorum
1066 1357 1228 1419 ministro·

107 1483 247 1548 rumque
275 1466 419 1529 indicant
448 1486 564 1550 genera
597 1487 690 1552 saepe
722 1472 754 1532 et
776 1468 861 1552 apud
883 1469 1104 1550 Thucydidem
1128 1474 1231 1533 trans·

107 1577 264 1643 feruntur.
300 1578 362 1644 Ofr.
398 1578 558 1660 deportarier
592 1579 658 1653 τοὺς
688 1581 904 1660 αἰχμαλώτους
938 1583 967 1665 5,
996 1585 1049 1665 43,
1073 1584 1092 1646 2
1116 1584 1230 1648 officiis

108 1694 262 1776 prosequi
298 1695 451 1777 captiuos.
487 1691 658 1773 Θεραπεθειν
693 1694 726 1757 τὸ
761 1692 894 1758 ναυτικόν
932 1697 964 1779 2,
999 1696 1051 1778 65,
1087 1698 1104 1758 7
1134 1696 1231 1761 rebus

109 1807 249 1870 nauticis
281 1825 407 1890 operam
439 1807 520 1871 dare.
550 1807 579 1890 6,
611 1808 662 1891 61,
688 1810 717 1890 5,
740 1809 824 1873 idem
848 1809 934 1872 ualet
958 1829 994 1872 ao
1025 1829 1145 1874 cauere.
1170 1809 1231 1874 Cfr.

109 1921 141 2002 4,
165 1920 216 2004 67,
241 1922 277 2001 3;
304 1921 333 2004 7,
358 1921 409 2004 70,
432 1923 461 1984 3.
484 1920 609 1985 Passim
632 1923 731 1987 huius
754 1924 971 1987 translationis
991 1925 1140 1989 inuenire
1158 1924 1231 1989 lieet

110 2035 264 2117 exempla.
289 2034 418 2100 Addere
441 2035 533 2100 liceat
557 2038 652 2100 etiam
676 2035 824 2116 ὑπηρετεῖν
848 2038 878 2121 4,
903 2038 976 2121 108,
1002 2039 1019 2099 7
1043 2038 1165 2102 iuuare.

575 2354 767 2362 .——

166 2617 185 2698 ξ
210 2617 238 2680 5.
263 2616 497 2682 Τνοαοθοθθονιοε
519 2636 541 2681 ιο
563 2617 715 2682 conuiuiis
736 2623 821 2681 etro
843 2617 1002 2701 familiari
1024 2622 1175 2702 sumptae.

156 2828 288 2894 Ueteres
310 2831 395 2894 iusta
418 2829 586 2913 hospitalia
610 2847 735 2913 semper
757 2831 866 2913 magni
884 2828 1035 2894 fecerunt.
1055 2827 1143 2893 Huic
1155 2849 1229 2893 con·

112 2943 277 3007 suetudini
307 2962 372 3006 non
404 2942 600 3026 spernendae
621 2946 711 3026 grata
732 2942 896 3007 referenda
919 2946 967 3006 est
989 2942 1155 3006 translatio
1180 2943 1232 3008 his

113 3075 197 3140 quae
232 3055 340 3121 uerbis
374 3058 571 3121 continetur:
607 3053 651 3128 τίς
685 3047 731 3119 οὖν
765 3053 840 3129 αὕτα
875 3053 892 3129 θ
926 3054 1016 3137 φιλία
1049 3054 1180 3135 ἐγίγνετο
1211 3053 1229 3129 ἢ

112 3168 254 3252 ἐλευθερία
284 3169 387 3244 πιστή,
418 3170 447 3233 ἐν
479 3165 600 3250 ᾗπαροὶ
621 3169 743 3248 ννώραρν
765 3168 914 3244 ἀλλήλους
939 3167 1153 3250 ὑπεδεχθροεθα,
1169 3167 1231 3234 Ικαὶ

112 3281 137 3350 οἱ
160 3284 216 3363 ροέν
240 3285 322 3362 ἐμοῖο
344 3284 374 3347 ἐν
397 3283 437 3364 τῷ
459 3281 580 3364 πολέμῳ
603 3283 726 3356 δεδιότες
748 3281 924 3364 ε’θεροθπευον,
948 3283 1036 3361 ἡμεῖς
1058 3283 1085 3346 δ’
1112 3281 1233 3354 ἐκείνους

112 3399 143 3462 ἐν
177 3405 213 3479 τῇ
249 3395 362 3480 ἡσυχία
392 3396 499 3461 ταύτὸν
530 3397 688 3475 ἐποιοῦμεν.
722 3397 1077 3493 3,12,1.Narnmea
1103 3396 1232 3480 quidem

113 3514 272 3578 sententia
306 3512 391 3596 quod
425 3511 565 3576 Haasius
595 3512 767 3596 legendum
797 3515 946 3596 proponit
976 3513 1127 3596 quodque
1150 3510 1233 3575 Her-

113 3627 284 3691 werdenns
313 3628 349 3690 in
379 3630 504 3690 textum
531 3627 650 3709 recepit
674 3625 809 3690 uerbum
833 3624 1025 3706 ὑπαρχθμεθα
1048 3645 1104 3710 pro
1129 3623 1233 3687 ὑπεδε-

113 3737 233 3821 χθμεθα
263 3741 333 3805 sine
354 3740 421 3804 ulla
444 3742 528 3805 iusta
552 3760 648 3804 causa
670 3740 848 3821 Thucydidi
870 3739 1062 3804 obtruditur.
1088 3739 1234 3804 Uerbum

115 3857 202 3919 enim
232 3850 390 3934 θεραπεύειν
422 3854 507 3937 quod
535 3855 680 3938 proxime
703 3855 850 3937 sequitur
880 3855 981 3939 magis
1004 3854 1083 3917 mihi
1106 3854 1235 3918 uidetur

114 3987 292 4052 congruere
326 3988 400 4032 cum
434 3968 567 4032 lectione
598 3966 762 4032 codicibus
792 3967 915 4051 tradita,
947 3988 1011 4051 qua
1041 3970 1159 4032 reiecta
1183 3967 1232 4032 bis

115 4085 233 4149 dicitur
262 4083 359 4168 idem,
380 4087 411 4148 et
435 4083 520 4167 quod
544 4087 639 4167 caput
661 4087 717 4166 est,
740 4081 832 4147 uerbi
856 4079 1051 4161 ὑποδέχεσθαι
1077 4083 1235 4148 sententia

116 4198 194 4262 satis
229 4202 277 4262 est
312 4198 405 4261 bona.
436 4193 520 4272 Quid
552 4196 658 4260 ualeat
688 4195 865 4260 uideamus.
896 4195 985 4260 Idem
1010 4196 1116 4260 ualere
1139 4199 1236 4279 atque

115 4312 255 4396 hospitio
279 4313 427 4397 excipere
449 4309 596 4396 pluribus
618 4310 698 4374 locis
721 4329 780 4374 nos
805 4309 895 4374 docet
917 4309 1088 4396 Homerus,
1100 4313 1131 4375 et
1142 4311 1235 4375 cuius
