3038 4980
727 458 790 522 148

244 641 418 709 Deleantur
436 643 535 709 uerba
557 645 685 709 uncinis
707 646 840 710 inclusa.
864 644 964 708 Porro
987 662 1028 709 ex
1046 644 1154 711 uerbis
1166 647 1312 730 proxime

200 756 409 841 sequentibus
441 776 523 842 quae
551 759 710 844 inoipiunt
740 760 806 825 his:
838 758 909 822 αλλ’
941 758 965 822 αἱ
992 756 1047 835 μὲν
1077 757 1311 838 δυνάμενα.

199 870 329 955 illisque
363 871 530 936 desinunt:
567 871 734 944 ἐληλυθότες
770 871 961 936 καθίστανται
996 891 1032 937 ea
1061 876 1140 956 puto
1171 872 1312 958 delenda,

200 1003 282 1067 quae
311 985 483 1050 identidem
513 986 738 1070 propositionis
768 987 851 1070 parti
882 985 1089 1051 affirmativae
1112 986 1309 1067 adioiuntru3

201 1098 290 1163 uelut
314 1097 338 1161 αἱ
361 1097 392 1162 δὲ
414 1096 457 1177 μὴ
482 1096 633 1175 δυνάμεναι
657 1098 688 1162 οὐ
711 1097 883 1175 πέμπουσιν.

706 1333 795 1399 XVI.

244 1508 339 1592 Uerg.
363 1508 442 1572 Aen.
467 1507 523 1590 IV,
547 1510 587 1570 2:
612 1507 737 1572 Uolnus
759 1508 815 1572 alit
835 1508 926 1573 uenis
939 1512 1074 1573 etoaeeo
1086 1508 1227 1593 carpitur
1237 1510 1310 1593 igni.

245 1621 308 1686 Pro
331 1623 448 1686 uolnus
470 1622 594 1706 legatur
617 1623 717 1686 uirus.

704 1855 810 1920 XVII.

245 2032 339 2117 Uerg.
363 2033 442 2097 Aen.
465 2031 523 2115 VI,
547 2030 738 2094 osa-580:

265 2147 323 2210 Bis
345 2151 430 2231 patet
452 2147 486 2209 in
510 2165 658 2230 praeoeps
681 2149 805 2210 tantum
827 2144 992 2233 tenditque
1015 2143 1076 2209 sub
1100 2143 1239 2229 umbras,

269 2257 415 2335 Quantus
438 2259 478 2323 ad
501 2259 689 2324 Aetherium
713 2257 792 2322 oaeli
814 2260 982 2340 suspectus
1007 2255 1190 2340 Olympum.

247 2373 299 2437 sio
323 2373 492 2457 legendum
516 2391 674 2457 propono:

269 2484 416 2562 Quantus
439 2487 478 2552 ad
501 2487 688 2552 Aetherium
712 2488 836 2571 superis
859 2490 1027 2570 suspectus
1051 2483 1233 2569 Olympum.

694 2723 817 2788 XVffl.

246 2887 340 2972 Verg.
364 2888 443 2953 Aen.
466 2886 525 2971 XI,
545 2888 625 2951 197:
646 2885 748 2951 Multa
765 2886 862 2951 boum
883 2888 966 2950 cirea
984 2890 1164 2951 mactantur
1182 2905 1316 2970 oorpora

202 3001 305 3067 Morti

246 3114 308 3178 Pro
331 3113 426 3179 Morti
449 3115 572 3200 legatur
594 3113 697 3180 Marti.

708 3347 800 3414 XIX.

248 3511 370 3576 Statius
393 3511 470 3576 Silu.
494 3511 535 3595 Π,
561 3512 589 3594 7,
616 3512 665 3574 14.
687 3510 739 3575 Sic
760 3512 899 3596 legatur:

467 3626 509 3691 Et
531 3628 559 3691 si
583 3646 647 3710 qua
670 3630 756 3710 patet
779 3630 809 3691 et
834 3626 916 3691 diem
938 3628 1064 3711 reoepit.

724 3858 800 3926 XX.

249 4028 369 4092 Statius
386 4027 463 4091 Sila.
485 4029 513 4109 5,
534 4028 562 4109 3,
582 4027 662 4089 277:
683 4027 727 4091 At
745 4047 814 4111 uos,
829 4025 1014 4091 umbrarum
1026 4027 1312 4112 regesAetneaque

206 4140 300 4205 Iuno.

249 4254 403 4339 Legatur:
428 4253 626 4337 Lethaeaque
649 4252 740 4317 Iuno.
