3038 4980
729 476 791 538 113

364 789 383 870 ξ
408 789 457 851 18.
481 787 718 854 Transeamus
741 809 763 851 u
784 807 818 850 νο
843 786 974 851 militari
998 791 1148 870 sumptae.

245 997 352 1063 Sinis
375 1017 484 1083 pacem
507 1020 583 1083 para
605 999 733 1064 bollum.
759 998 851 1075 Quod
874 1019 948 1064 cum
972 999 1121 1063 omnibus
1137 999 1318 1082 ualeatpo-·

204 1110 287 1193 „die
311 1116 381 1177 tum
404 1116 589 1197 praesertim
613 1116 762 1198 antiquis,
788 1116 844 1198 qni
866 1114 984 1198 gloriae
1008 1113 1114 1197 cupidi
1139 1111 1315 1195 multisque

229 1242 295 1309 repo
317 1225 416 1290 inuisi
439 1230 494 1290 aut
515 1226 634 1292 bellum
658 1226 773 1293 inferre
792 1232 848 1292 aut
867 1227 985 1292 bellum
1005 1227 1129 1291 illatum
1151 1225 1316 1292 defendere

222 1336 405 1422 ‘agebantur
438 1337 522 1416 Quid
545 1342 642 1425 igitur
666 1343 783 1405 mirum
806 1344 834 1406 si
857 1342 975 1406 multae
998 1341 1072 1405 indo
1095 1341 1315 1405 translationes

205 1452 269 1517 u'nt
297 1452 461 1538 profectae.
488 1454 599 1519 Hostis
630 1456 713 1520 hosti
744 1457 870 1521 resistit.
894 1456 1069 1520 Translatio
1092 1455 1167 1519 inde
1190 1458 1317 1538 sumpta

205 1568 341 1633 uocauit
370 1569 400 1651 2,
430 1567 482 1652 87,
512 1570 531 1631 2
558 1565 664 1646 ξυνέβη
688 1567 793 1632 δὲκαὶ
816 1569 848 1633 τὸ
871 1569 930 1632 άτὸ
955 1576 1011 1643 της
1035 1568 1132 1648 τύχης
1156 1569 1205 1632 οὐκ
1230 1567 1316 1644 ὀλίγα

202 1666 408 1753 maurelium,
433 1681 546 1745 accidit
567 1684 661 1746 etiam
684 1687 719 1747 ut
741 1683 842 1747 multa
864 1682 991 1747 fortuna
1014 1685 1060 1748 sic
1078 1685 1204 1748 uolente
1226 1681 1318 1771 nobis

204 1791 341 1859 aduersa
362 1793 489 1860 luerint.
511 1794 571 1859 Ofr.
595 1799 624 1880 4,
648 1797 699 1879 85,
724 1798 761 1877 5;
787 1798 816 1878 5,
841 1798 891 1880 15,
914 1799 951 1878 23
976 1799 1005 1880 3,
1031 1798 1081 1879 97,
1104 1799 1141 1878 23
1168 1798 1196 1881 8,
1216 1797 1268 1879 45,
1289 1797 1341 1872 4.,

205 1905 282 1973 Huc
297 1907 499 1974 referendum
517 1909 693 1983 άντνστῆναν.
715 1910 818 1976 Sensu
837 1911 964 1996 proprio
987 1912 1014 1993 1,
1035 1912 1086 1994 93,
1105 1912 1131 1974 7.
1150 1908 1320 1974 01nHom.

204 2020 245 2088 IL
268 2020 320 2106 16,
344 2023 416 2089 305.
440 2023 544 2089 Sensu
567 2025 718 2088 translato
745 2026 773 2108 5,
797 2026 847 2107 38,
867 2025 888 2087 4
909 2025 945 2095 ὡς
965 2023 990 2087 δ’
1003 2021 1129 2096 άντέστη
1142 2023 1175 2087 τὸ
1187 2027 1316 2103 πρᾶγμα

204 2138 248 2225 (1,
279 2138 370 2222 71,1
395 2138 655 2221 άντοκαταστῆναν)
680 2141 708 2223 5,
732 2142 761 2222 4,
786 2139 804 2201 6
829 2138 886 2203 ubi
910 2140 1038 2220 πράημα
1062 2138 1178 2203 dicitur
1201 2137 1320 2222 signifi·

204 2272 284 2319 cans
314 2257 396 2319 artes
424 2255 563 2319 occultas
588 2254 706 2339 quibus
729 2253 920 2339 reipublicae
943 2255 1035 2337 periti
1059 2272 1152 2337 saepe
1175 2256 1320 2317 utuntur.

208 2364 272 2433 011.
294 2363 441 2447 πράσσειν.

250 2480 406 2547 Bollatnri
436 2501 529 2567 saepe
560 2484 661 2547 socios
684 2482 808 2548 foedere
832 2482 893 2547 sibi
915 2483 1103 2566 adiungunt.
1125 2481 1319 2546 Translatio·
1432 2519 1434 2524 -

204 2615 266 2663 nes
296 2597 371 2661 inde
393 2601 486 2661 natae
508 2598 567 2662 hae
590 2601 666 2661 sunt
688 2598 718 2681 4,
742 2597 794 2680 10,
818 2599 836 2660 3
861 2593 1026 2675 ξύμμαχον
1049 2595 1150 2676 χάρνον
1175 2598 1204 2678 3,
1228 2595 1279 2677 67,
1303 2597 1321 2657 2

208 2709 311 2794 ἅρεταὶ
337 2709 481 2791 ἐπίκουρον.
506 2709 566 2773 cfr.
592 2712 620 2794 7,
644 2710 695 2793 61,
719 2712 738 2774 3
762 2710 870 2782 τὸτῆς
894 2707 992 2788 τύχης
1015 2710 1079 2786 μεθ’
1105 2706 1186 2786 ἡμῶν
1209 2714 1321 2782 στηναν,

209 2816 365 2895 staturam
396 2848 414 2891 a
444 2824 535 2890 nobis
565 2825 726 2889 fortunam
756 2829 927 2909 sperantes.
951 2824 1116 2889 Interdum
1141 2826 1218 2888 socii
1241 2823 1326 2887 ultro

209 2959 247 3008 ee
277 2941 414 3006 offerunt
442 2943 479 3003 ut
509 2938 584 3003 belli
615 2939 679 3002 sint
708 2939 882 3022 participes.
913 2936 992 3002 Inde
1017 2938 1045 3019 l,
1070 2938 1120 3020 35,
1144 2938 1163 2999 2
1187 2932 1260 3009 αὕτη
1290 2933 1326 3020 (η’
1362 2973 1364 2975 -

210 3052 356 3139 δύναμις)
383 3050 519 3133 τάρεστνν
543 3049 798 3128 αὐτεπάγγελτος.

257 3169 309 3233 Ad
331 3189 471 3253 pugnem
494 3187 586 3252 saepe
609 3171 817 3252 prouocatur,
845 3167 930 3250 quod
955 3166 1067 3230 Graeci
1092 3166 1325 3245 dicuntupoaa-

212 3284 332 3348 νοεῖσθαι.
356 3281 416 3347 cfr.
441 3281 502 3346 Cio.
525 3281 615 3347 Tusc.
639 3282 670 3364 4,
694 3283 735 3344 22
759 3299 933 3365 prouocare
956 3280 994 3344 ad
1014 3299 1162 3364 pugnam.
1182 3279 1251 3343 Iam
1262 3278 1328 3343 Ho-

215 3416 325 3462 merus
355 3397 469 3461 cecinit
497 3395 534 3459 ll.
567 3396 595 3473 7,
626 3396 690 3458 218
722 3401 752 3460 et
783 3395 846 3458 285
877 3392 928 3458 uui
962 3391 1078 3464 πάντας
1113 3390 1330 3474 προκαλέσσατο

214 3507 333 3590 χάρμη.
365 3508 426 3574 efr.
456 3509 552 3573 Thuo.
584 3509 613 3591 5,
643 3509 694 3591 41,
722 3510 752 3572 2.
777 3507 901 3572 Sensim
925 3507 1021 3571 latius
1044 3508 1141 3571 huius
1165 3505 1256 3571 uerbi
1279 3506 1330 3568 uis

216 3625 328 3688 natiue
357 3628 464 3708 patere
494 3624 611 3707 coepit,
644 3622 728 3687 unde
757 3624 864 3686 uariae
891 3626 977 3686 ortae
996 3626 1077 3686 ‘sunt
1100 3620 1331 3701 translationes,

214 3741 261 3804 ita
282 3743 319 3803 ut
340 3737 503 3821 incitandi,
522 3737 715 3822 impellendi,
735 3736 936 3820 sollicitandi,
947 3736 1161 3821 exigendique
1173 3737 1224 3800 uis
1238 3736 1329 3819 quasi

214 3855 318 3937 primo
347 3853 417 3916 loco
449 3853 550 3936 posita
578 3851 747 3915 uideretur.
771 3850 854 3920 Uide
880 3851 908 3932 5,
934 3851 975 3913 88
1001 3869 1099 3934 quare
1125 3850 1332 3932 colloquium,

216 3959 238 4047 ᾧ
261 3965 449 4049 προκαλεῖσθε
472 3963 563 4046 τράτῳ
587 3966 614 4030 si
636 3965 746 4049 placet,
768 3964 831 4028 fiat.
856 3962 918 4028 cfr.
944 3966 973 4047 2,
999 3965 1050 4047 72,
1073 3964 1089 4025 1
1116 3967 1147 4027 et
1170 3965 1209 4044 23
1231 3965 1261 4045 4,
1280 3964 1333 4044 22,

221 4085 259 4163 3;
283 4084 313 4166 4,
338 4083 388 4165 19,
413 4082 449 4160 1;
475 4081 502 4163 5,
527 4079 579 4162 37,
603 4080 639 4160 5;
666 4079 695 4161 5,
718 4080 770 4162 43,
795 4080 823 4140 3.
1299 4073 1300 4077 ’

263 4195 313 4262 De
341 4193 529 4259 instruenda
560 4193 626 4257 acie
656 4191 772 4255 dicitur
801 4188 969 4255 τάττεσθαι.
996 4189 1170 4255 Translatio
1195 4188 1334 4253 occurrit

219 4313 251 4395 2,
282 4311 333 4394 63,
364 4311 382 4372 3
406 4308 438 4372 τὸ
461 4306 517 4387 γάρ
540 4304 698 4387 άτροιγμον
720 4305 751 4368 οὐ
776 4303 898 4384 σώζεται
924 4303 967 4382 μη
991 4302 1071 4382 μετά
1093 4307 1144 4395 τοῦ
1168 4299 1334 4383 δραστηρίου

1220 4411 1238 4464 8
