3038 4980
728 490 791 552 105

247 677 398 761 Sequitur
421 675 612 740 uocabulum
637 676 806 747 ἀντίπαλος.
831 677 1009 743 Generatim
1031 678 1090 741 hoc
1111 678 1313 742 statuendum

203 791 347 855 uidetur:
373 788 534 854 clariacum
557 791 642 874 apud
662 791 876 873 Thucydidem
897 794 1013 876 passim
1034 792 1097 867 dici
1117 791 1155 855 de
1173 792 1222 868 iis,
1235 810 1315 874 quae

200 905 311 987 aequis
335 906 418 968 inter
443 923 477 968 se
497 908 701 987 opponuntur
719 905 853 970 uiribus.
872 905 985 990 Neque
1004 905 1089 989 apud
1099 904 1315 986 Thucydidem

201 1037 283 1102 quae
306 1018 381 1081 huic
403 1017 501 1082 uerbo
526 1018 610 1101 apud
632 1019 709 1082 alios
732 1021 820 1083 notio
840 1022 881 1083 sit
900 1019 1084 1084 subicienda
1096 1019 1313 1104 quaerendum

200 1136 257 1215 est,
282 1131 338 1195 sed
361 1130 495 1208 uerbum
519 1132 596 1215 quid
620 1133 725 1197 ualeat
747 1132 832 1216 apud
854 1135 960 1217 ipsum
980 1133 1162 1198 uidendum.
1182 1132 1312 1218 Legitur

201 1247 232 1328 2,
257 1246 308 1327 89,
332 1246 361 1328 6,
391 1244 544 1308 ἀντίπαλοι
568 1245 622 1322 μὲν
645 1244 702 1325 γὰρ
725 1245 748 1308 oi
771 1244 885 1317 πλείους
909 1243 1001 1326 ὥσπερ
1024 1239 1106 1319 οὗτοι,
1130 1253 1166 1326 τῇ
1190 1243 1311 1324 laudatar

199 1357 231 1421 τὸ
262 1355 349 1420 πλέον
380 1356 488 1420 πίσυνον
515 1382 541 1421 κ.
554 1381 581 1421 r.
596 1372 624 1420 a.
656 1356 836 1441 Dubitatur,
859 1362 905 1424 sic
929 1359 1038 1424 scribit
1061 1359 1179 1443 Puppe,
1201 1363 1310 1424 utrum

198 1471 277 1536 haec
300 1490 367 1535 uox
391 1470 442 1534 hic
465 1470 621 1554 significet
642 1490 733 1555 pares
756 1471 880 1537 uiribus
898 1492 939 1536 an
959 1472 1158 1537 aduersarios
1169 1491 1311 1556 pugnam

199 1585 440 1650 committentes.
470 1585 515 1648 At
543 1585 595 1648 hic
625 1587 681 1669 qui
704 1585 829 1650 dubitat
850 1569 925 1650 non*
940 1586 1033 1650 uideo
1058 1605 1117 1650 cur
1139 1604 1204 1649 non
1226 1585 1312 1650 idem

200 1699 238 1763 de
270 1718 461 1783 quacunque
491 1717 526 1763 re
556 1698 699 1763 dubitare
729 1702 837 1784 possit
868 1698 957 1776 Quae
979 1702 1064 1764 enim
1088 1705 1268 1784 sequuntur
1290 1699 1314 1764 oi

199 1813 260 1877 δ’ἐκ
291 1812 390 1892 πολλῷ
419 1810 623 1892 ὑποδεεστέρων
653 1810 704 1875 aul
736 1809 804 1888 ilua
827 1814 879 1876 οὐκ
902 1811 1136 1892 ἀναγκαζόμενον
1160 1832 1262 1896 omne,
1286 1816 1313 1877 si
1342 1820 1344 1826 ⁴

199 1927 279 1992 forte
303 1931 360 2010 est,
383 1925 547 2010 expellunt
569 1925 712 1989 dubium.
739 1927 767 2009 1,
790 1928 818 2008 3,
843 1929 862 1989 3
886 1924 1046 1990 νἰννίννννλνν
1069 1927 1099 1998 ἐς
1122 1924 1214 2004 ὄννμνν
1238 1924 1312 1989 ἀπο-

198 2039 348 2121 κεκρίσθαι.
374 2039 481 2104 Missis
503 2041 543 2103 iis
566 2038 724 2121 omnibus,
747 2059 828 2123 quae
852 2041 914 2103 uiri
937 2040 1021 2104 docti
1044 2041 1083 2106 de
1106 2041 1220 2104 horum
1242 2058 1313 2105 uer·

198 2155 313 2219 borum
343 2154 601 2238 interpretatione
632 2154 796 2239 disputant
819 2154 937 2218 nodum
962 2155 1151 2238 expedimus
1174 2155 1220 2218 sic
1242 2173 1314 2218 uer·

198 2270 312 2334 tendo:
340 2268 495 2350 ,Graecos
519 2268 686 2352 separatim
708 2267 886 2352 significare
908 2270 1038 2334 nomine
1062 2269 1148 2353 quod
1167 2269 1237 2333 aliis
1256 2288 1314 2352 par

198 2383 286 2464 est;”
312 2401 386 2446 nam
413 2382 699 2466 quomodocunque
721 2382 855 2446 verteris
879 2382 987 2446 eadem
1007 2381 1146 2446 manebit
1164 2380 1313 2446 uocabuli

134 2544 136 2548 -
198 2499 294 2561 notio
320 2497 349 2580 3,
373 2497 423 2578 11,
448 2497 465 2558 1
486 2495 518 2558 τὸ
538 2494 563 2558 δ’
585 2492 825 2583 νῑννίννννλννβὲνς
845 2493 930 2571 μόνον
949 2495 1050 2558 πιστὸν
1071 2496 1100 2567 ἐς
1120 2491 1311 2574 ξυμμαχίαν.

198 2611 305 2675 Metus
325 2613 381 2694 qui
399 2610 515 2694 pendet
534 2629 574 2674 ex
589 2609 812 2693 aequabilitate
823 2611 942 2674 uirium
956 2614 1164 2693 utrarumque
1174 2611 1313 2694 partium

199 2726 288 2789 solus
299 2724 481 2789 societatem
493 2722 568 2786 facit
578 2700 712 2787 fidelem.
727 2721 787 2786 cfr.
794 2722 863 2787 Tac.
873 2722 977 2788 Germ.
986 2728 1099 2787 mutuo
1112 2728 1206 2788 metu.
1221 2725 1249 2806 3,
1262 2725 1314 2806 38,

203 2840 232 2921 1,
255 2837 342 2902 Ultio
365 2838 470 2901 statim
491 2839 519 2900 si
538 2841 692 2920 sequatur
711 2838 878 2901 iniuriam:
901 2834 1070 2908 ἀντίπαλος.
1095 2835 1312 2920 on.1,11,1;

203 2954 231 3034 1,
264 2953 313 3034 91,
346 2952 382 3032 7,
415 2952 539 3033 1,143,
565 2952 600 3029 1,
626 2951 730 3033 6,23,
755 2952 791 3030 1,
816 2952 917 3033 2,45‚
942 2952 958 3012 1
985 2948 1087 3022 Φθόννς
1110 2948 1167 3030 γὰρ
1190 2951 1259 3030 πρὸς
1281 2951 1314 3014 τὸ

201 3064 371 3148 νὶντίννννλνν,
400 3064 433 3128 τὸ
462 3063 493 3127 δὲ
516 3063 559 3140 μὴ
582 3063 715 3141 ἐμποδὼν
748 3061 992 3142 νὶννννννννωνίστῳ
1025 3061 1118 3145 εὐνοίᾳ
1148 3062 1314 3147 τετίμηται,

199 3179 346 3244 inuident
374 3179 445 3242 uiui
476 3177 625 3257 aemulis,
659 3180 715 3261 qui
737 3197 814 3242 uero
838 3180 956 3242 mortui
979 3181 1055 3242 sunt
1076 3179 1236 3241 neminem
1259 3179 1314 3241 ha-

198 3293 276 3358 bent
306 3293 532 3357 aduersarium.
565 3290 711 3355 Ceterum
742 3291 828 3355 hunc
857 3292 963 3354 locum
986 3292 1043 3374 qui
1065 3292 1314 3373 interpretantur

200 3408 343 3471 diuersas
365 3408 479 3470 ineunt
502 3407 590 3485 uias,
616 3410 671 3470 aut
694 3407 797 3470 actiue
820 3410 876 3470 aut
900 3406 1037 3489 passiue,
1058 3410 1096 3469 ut
1119 3404 1238 3488 dicunt,
1260 3403 1314 3468 ad-

198 3524 352 3587 iectiuum
382 3519 635 3596 ἀνανταγώνιστον
666 3521 835 3603 explicant
867 3519 1043 3584 Scholiasta
1071 3521 1311 3603 interpretatur:

199 3632 425 3714 νέννμφίβνλνςτ
458 3654 477 3697 a
507 3653 571 3717 qua
600 3653 709 3717 pugna
737 3632 841 3713 abest,
874 3638 921 3697 est
943 3634 1041 3717 igitur
1063 3629 1314 3710 νὶνννννννγώννστνς

199 3748 308 3813 εὔνων,
332 3748 553 3813 beneuolentia
576 3748 664 3811 nulla
685 3747 811 3810 inuidia
831 3746 964 3811 turbata.
986 3745 1149 3830 Quidquid
1169 3752 1226 3829 est,
1243 3766 1314 3811 uer-

199 3863 314 3927 borum
344 3865 395 3927 uis
424 3863 532 3926 eadem
556 3866 678 3925 manet:
705 3863 760 3945 qui
783 3862 903 3925 nemini
926 3863 990 3925 iam
1014 3861 1177 3925 obstaculo
1200 3865 1257 3943 est,
1279 3864 1312 3925 in

200 3980 270 4041 eius
303 3975 398 4040 laude
430 3995 494 4039 uno
526 3994 636 4039 omnes
666 3995 720 4039 ore
749 3973 897 4038 beneuoli
927 3977 1140 4039 consentiunt.
1171 3974 1313 4040 Eandem

198 4091 264 4155 fere
294 4091 484 4155 sententiam
514 4090 677 4153 continent
700 4087 798 4153 uerba
820 4087 995 4153 Alcibiadis
1019 4089 1048 4171 6,
1072 4089 1123 4171 65,
1147 4089 1174 4151 5.
1199 4087 1259 4153 Gir.
1284 4091 1317 4172 2,

201 4205 252 4286 61,
293 4205 330 4284 4,
367 4206 396 4287 3,
433 4205 462 4286 9,
497 4205 525 4285 2,
559 4205 600 4285 (7,
638 4204 688 4286 12,
723 4204 744 4264 4
780 4203 896 4266 dicitur
930 4203 969 4266 de
1005 4202 1143 4266 nauibus
1178 4222 1312 4267 numero

198 4317 339 4402 paribus)
382 4320 411 4395 4,
455 4318 525 4390 120,
567 4319 603 4398 2,
646 4319 675 4394 6,
717 4317 766 4393 11,
800 4318 819 4379 8
855 4312 1006 4379 ὑπόλοιπον
1039 4313 1096 4396 γὰρ
1130 4317 1202 4393 ἡμῖν
1235 4316 1313 4379 ἐστιν
