3038 4980
632 500 673 563 27

89 690 120 755 σύ
151 686 209 769 γὰρ
240 681 293 752 σῖύν
320 711 354 752 τε
376 683 445 765 ύύμα
467 692 521 760 τῆς
545 686 573 750 τ’
597 685 751 767 ἐπιθυμίας
774 685 826 752 καὶ
849 693 903 762 τῆς
926 684 1025 766 τύχης
1049 686 1098 750 τὸν
1120 683 1207 750 αύτύν
1300 690 1302 696 ’

89 801 192 880 ὁμοίως
215 799 330 879 ταμίαν
352 799 493 879 γενέσθαι.
521 801 605 865 Fieri
628 821 693 865 non
717 806 820 886 potest
844 806 881 867 ut
902 802 987 867 idem
1011 800 1108 865 simul
1132 818 1209 864 suae

89 918 268 982 uoluntatis
292 920 387 1000 atque
409 915 556 981 fortunae
576 916 617 980 sit
630 914 755 981 arbiter.
767 915 888 980 Eadem
902 917 1059 980 sententia
1071 915 1209 978 ooourrit

90 1033 121 1114 4,
147 1030 198 1113 64,
223 1031 240 1092 1
266 1025 360 1106 μηδὲ.
376 1076 383 1091 .
398 1075 428 1091 ..
453 1028 587 1106 ἡγεῖσθαι
611 1034 665 1101 τῆς
688 1052 721 1092 τε
741 1027 844 1101 οἰκείας
862 1028 983 1108 μνύμης
1003 1026 1105 1106 ὁμοίως
1117 1028 1207 1091 αύτν·

90 1143 200 1228 αρύταρ
225 1137 294 1207 εἶναι
318 1140 369 1207 καὶ
394 1137 428 1216 ἧς
450 1143 500 1207 νύκ
522 1139 605 1223 ύρχω
628 1140 735 1221 τύχης.

135 1259 280 1325 Uerbum
306 1254 504 1342 ταμιεύεσθαι,
528 1277 587 1321 suo
612 1257 766 1322 arbitratu
789 1260 992 1339 constituere,
1016 1257 1154 1321 oeourrit
1178 1255 1207 1340 6,

94 1375 145 1456 18,
169 1374 189 1436 3
213 1368 264 1435 καὶ
288 1371 339 1435 σύα
362 1367 440 1434 ἔστιν
463 1369 536 1448 ἡμῖν
559 1367 747 1447 ταμιεύεσθαι
770 1371 800 1442 ἐς
824 1367 886 1434 ύσνν
910 1368 1077 1448 βουλόμεθα
1097 1366 1207 1451 σ’ύρχειν.

90 1488 207 1572 Neque
236 1486 329 1551 nobis
355 1487 430 1551 lioet
453 1488 624 1570 imperium
646 1486 802 1551 arbitratu
825 1491 935 1551 nostro
960 1486 1123 1550 moderari.
1149 1483 1211 1548 Cfr.

92 1602 241 1687 Xenopln
263 1600 366 1665 Anab.
392 1602 421 1684 2,
447 1602 475 1683 5,
500 1600 559 1680 183
584 1598 697 1684 Cyrop.
722 1602 750 1684 3,
776 1602 804 1685 3,
828 1601 888 1682 473
914 1601 995 1684 4,1,
1020 1601 1071 1663 18.

136 1717 249 1801 Ipsum
273 1714 425 1797 habitare,
448 1713 651 1798 ἐνδιαιτᾶσθαι,
674 1716 914 1780 translationem
938 1716 1134 1800 prouocauit.
1158 1714 1212 1777 In-

93 1834 226 1898 uenitur
261 1833 291 1913 2,
320 1832 373 1913 43,
404 1831 441 1892 3:
475 1829 530 1894 sed
557 1829 610 1893 uel
634 1830 667 1892 in
691 1830 794 1893 aliena
818 1833 902 1894 terra
924 1831 1079 1894 memoria
1101 1847 1212 1892 eorum

93 1952 127 2014 et
156 1967 194 2013 ea
224 1947 364 2031 quidem,
396 1964 478 2029 quae
507 1945 621 2010 litteris
644 1947 817 2030 perscripta
839 1966 906 2010 non
929 1948 971 2011 sit
993 1981 1032 1993 -
1059 1941 1212 2025 θιγραττσς

94 2061 200 2140 μνήμη
223 2099 261 2108 -
281 2061 380 2125 animi
391 2061 493 2144 magis
506 2080 602 2143 quam
614 2059 793 2125 facinorum
806 2061 957 2145 perdurat
969 2097 1011 2106 —
1023 2057 1211 2123 ἐνδιαιτᾶται.

308 2542 327 2624 ᾗ
351 2542 380 2605 4.
403 2539 644 2605 Τναννεθαθθοννσε
667 2561 688 2604 ιν
709 2539 836 2623 familia
859 2544 1007 2624 sumptae.

140 2728 253 2814 Ipsum
277 2728 430 2793 nascendi
452 2728 581 2792 initium
606 2728 780 2792 multarum
804 2728 1051 2793 translationum
1071 2728 1218 2813 praebuit

95 2845 271 2909 materiam.
294 2842 368 2907 Non
393 2846 441 2907 est
464 2841 608 2925 dubium,
631 2843 738 2926 inquit
756 2842 923 2908 Bltimmer
935 2840 968 2926 1),
988 2845 1067 2928 quin
1079 2843 1216 2909 uerbum

96 2955 250 3036 γίγνεσθαι
280 2957 429 3040 primitus
460 2956 614 3020 nascendi
643 2957 799 3020 rationem
830 2955 988 3041 significet
1011 2961 1042 3022 et
1065 2958 1140 3022 inde
1162 2976 1218 3042 per

95 3071 338 3137 translationem
358 3070 455 3133 latius
473 3071 580 3152 patere
600 3069 746 3152 eoeperit,
765 3070 810 3132 ita
830 3073 867 3133 ut
885 3071 993 3134 omnia
1006 3089 1218 3155 quaeeunque

99 3189 186 3268 sunt,
210 3203 292 3268 quae
316 3183 424 3266 aliquo
447 3182 542 3246 modo
564 3181 657 3265 fiunt,
680 3202 753 3246 eum
777 3183 848 3266 ipso
871 3183 1012 3248 hominis
1037 3188 1110 3248 ortu
1133 3204 1218 3249 eom-

97 3304 251 3388 parentur
271 3299 425 3381 nascique
448 3298 605 3361 dieantur.
628 3297 669 3360 In
691 3317 726 3361 re
748 3298 848 3382 igitur
870 3317 937 3361 non
960 3298 1058 3363 dubia
1081 3299 1218 3364 testibus

97 3435 163 3480 non
189 3433 270 3498 opus
292 3431 363 3477 esse
387 3411 520 3476 confido.

145 3524 280 3610 Τρέφειν,
315 3526 401 3610 quod
435 3545 501 3589 non
536 3525 641 3590 solum
676 3525 715 3590 de
746 3525 910 3590 educando
941 3525 1062 3590 infante
1093 3526 1149 3590 sed
1181 3526 1220 3591 de

98 3640 271 3706 nutriendo
306 3639 436 3703 omnino
469 3638 594 3722 dieitur,
625 3658 718 3722 saepe
748 3638 946 3722 transfertur,
970 3643 1006 3704 ut
1028 3641 1061 3703 in
1085 3639 1220 3705 classem

101 3757 131 3839 1,
156 3755 211 3837 81,
231 3755 269 3834 43
293 3754 528 3817 inexercitum
553 3754 583 3835 4,
607 3755 660 3837 83,
686 3754 722 3832 53
746 3754 780 3816 in
804 3772 905 3818 naues
930 3755 959 3836 8,
979 3755 1031 3837 44,
1053 3754 1088 3834 1;
1110 3755 1221 3819 eodem

99 3869 196 3934 modo
226 3888 263 3932 ao
297 3868 386 3931 latini
418 3871 554 3933 utuntur
584 3866 684 3932 uerbo
707 3867 820 3932 alendi.
846 3865 907 3931 Cfr.
932 3867 994 3932 Cio.
1017 3867 1108 3932 Tusa.
1131 3866 1220 3953 Disp.

101 3985 133 4067 1,
164 3984 193 4046 2.
220 3983 332 4047 Honos
356 3982 413 4046 alit
436 3985 536 4062 artes3
562 3986 592 4046 et
614 3983 802 4066 praesertim
824 3981 915 4047 Brut.
940 3982 991 4065 10,
1015 3983 1057 4045 39
1079 3982 1222 4048 Uidesne

103 4100 213 4183 igitur,
245 4101 283 4161 ut
313 4098 348 4160 in
378 4115 415 4162 ea
444 4097 513 4180 ipsa
546 4095 633 4180 urbe,
654 4096 690 4159 in
713 4116 778 4180 qua
801 4099 832 4162 et
854 4099 984 4187 nataxet
1007 4097 1071 4161 alta
1094 4099 1136 4162 sit
1158 4099 1222 4163 elo·

102 4265 249 4277 ...—

133 4359 159 4426 1)
176 4358 259 4411 Ueber
275 4357 417 4411 Gleiehniss
433 4356 488 4409 und
505 4355 639 4423 Metapher
655 4355 684 4408 in
700 4357 745 4409 der
763 4317 897 4409 Attisohen
914 4356 1031 4409 komodie
1047 4372 1105 4424 pag.
1122 4355 1163 4410 73.
