3038 4980
649 540 691 602 19

110 738 188 784 uero
220 724 343 788 nemini
375 727 440 788 iam
471 729 519 789 est
549 725 722 809 obstaculo,
747 727 783 789 in
814 728 884 790 cius
905 727 1001 792 laude
1024 746 1091 792 uno
1115 747 1225 794 omnes

110 854 165 900 ore
187 835 337 902 beneuoli
361 841 572 904 consentiunt.

157 949 359 1024 1711111611
382 954 413 1036 4,
438 953 510 1037 126,
531 954 549 1015 6
571 954 752 1039 oppositum
763 953 928 1019 inuenitur
939 954 1090 1020 aduerbio
1103 952 1224 1020 ἄπωθεν.

107 1062 311 1137 1411111911
336 1068 364 1150 5,
389 1067 441 1150 64,
466 1069 485 1130 3
509 1071 540 1131 et
564 1067 674 1132 multis
698 1067 769 1131 aliis
793 1067 871 1131 loois
894 1069 1042 1132 nonnulli
1063 1069 1111 1132 sic
1129 1070 1226 1133 inter·

107 1181 224 1261 pretari
247 1183 419 1243 conantur:
444 1184 551 1264 „terga
570 1199 723 1264 premere,
742 1179 930 1264 subsequi''.
950 1180 1012 1246 Sed
1027 1200 1133 1247 errore
1145 1182 1227 1266 lapsi

110 1297 195 1376 sunt,
229 1293 339 1374 credo,
375 1297 459 1358 recte
491 1297 623 1358 uertunt
646 1295 704 1377 qui
731 1293 843 1377 „illioo,
866 1313 884 1358 e
905 1294 1063 1379 uestigio’
1087 1300 1227 1360 uertunt.

110 1405 286 1471 Scholiasta
319 1408 545 1491 interpretatur
578 1403 736 1484 ξυντόμως.
769 1405 831 1470 661.
863 1409 892 1490 3,
925 1409 975 1493 98,
1006 1411 1043 1489 2,
1068 1411 1098 1492 8,
1122 1409 1173 1492 17,
1197 1412 1226 1473 3.

112 1518 245 1603 Legitur
277 1522 305 1603 3,
331 1521 381 1603 97,
406 1521 423 1583 1
449 1518 502 1592 rur
525 1520 551 1584 δ’
575 1520 605 1583 ἐν
627 1517 712 1584 rocla
734 1518 779 1583 atel
803 1521 954 1601 πειρᾶσθαι
978 1520 1062 1601 αἱρεῖν
1084 1523 1225 1607 primum

112 1653 273 1718 quemque
304 1655 423 1720 pagum
453 1655 637 1720 expugnare
667 1640 703 1700 ut
734 1640 910 1700 conaretur.
943 1634 1037 1711 Quod
1059 1637 1156 1700 alicui
1179 1640 1228 1702 est

112 1748 245 1813 obuium
266 1749 384 1814 dicitur
407 1749 435 1812 ἐν
459 1748 549 1814 rocla
575 1749 636 1814 Gfr.
658 1748 777 1814 Herod.
803 1751 832 1833 3,
857 1750 898 1812 79
921 1754 952 1814 et
970 1751 1171 1815 recentiores.

157 1863 289 1928 Silentio
317 1884 383 1928 non
405 1865 643 1949 praetereunda,
667 1884 748 1949 quae
770 1864 923 1948 leguntur
945 1866 974 1948 2,
997 1866 1049 1948 84,
1072 1864 1089 1951 l
1114 1864 1143 1928 ἐν
1165 1863 1227 1945 χρῷ

111 1974 160 2039 ἀεὶ
192 1976 420 2059 παραπλέοντες.
452 1978 636 2044 Secundum
661 1998 730 2044 eam
753 1978 845 2043 uerbi
869 1977 1140 2063 significationem,
1162 1999 1227 2062 qua

110 2096 223 2156 natum
259 2096 315 2175 est,
349 2095 545 2177 antiquiores
578 2113 701 2176 semper
736 2094 795 2157 hac
823 2093 976 2176 loquendi
1005 2092 1143 2157 formula
1174 2094 1228 2158 usi

87 2210 197 2289 sunt,
232 2206 324 2272 uelut
356 2207 385 2270 ἐν
418 2208 481 2288 χρῷ
513 2207 610 2288 κείρειν
642 2210 711 2271 siue
741 2203 840 2289 ξυρεῖν.
873 2206 933 2271 Gfr.
957 2206 1074 2272 Herod.
1100 2210 1130 2291 4,
1156 2208 1228 2286 175,

111 2319 260 2404 Xenoph.
289 2319 373 2385 Hell.
406 2322 434 2404 1,
466 2324 495 2404 7,
518 2323 549 2387 8.
573 2320 683 2386 Orines
706 2325 779 2386 oute
802 2326 896 2386 tenus
920 2321 1053 2387 detonsi.
1078 2319 1155 2386 Orta
1179 2325 1228 2386 est

110 2434 189 2497 inde
223 2434 327 2517 dictio,
363 2453 444 2517 quae
476 2434 639 2518 prouerbii
672 2435 777 2500 locum
810 2433 964 2498 obtinuit:
996 2430 1076 2514 ξυρεῖ
1102 2433 1132 2496 ἐν
1155 2433 1227 2513 χρῷ.

112 2547 208 2630 Soph.
243 2549 294 2612 Αἰ.
332 2549 395 2611 786
429 2549 581 2633 idemque
615 2549 701 2614 ualet
733 2553 846 2632 atque:
879 2549 919 2612 ad
950 2549 1066 2612 uiuum
1096 2551 1228 2612 resecat.

111 2661 307 2727 Procedente
341 2682 419 2727 uero
454 2667 596 2747 tempore
625 2664 703 2727 haec
731 2663 829 2727 huius
859 2661 951 2726 uerbi
981 2663 1032 2726 uis
1056 2661 1139 2726 facta
1160 2665 1225 2726 est:

115 2797 233 2861 „quam
255 2778 401 2861 proxime
423 2798 441 2842 a
465 2777 626 2862 corpore”,
648 2779 741 2842 iuxta
763 2779 871 2862 ipsum
894 2796 1019 2862 corpus,
1043 2776 1112 2841 siue
1135 2777 1226 2840 stric-

111 2893 181 2954 tim.
211 2890 413 2956 Translatum
444 2896 491 2956 est
520 2893 555 2955 in
584 2911 637 2956 res
667 2892 813 2956 nauticas
836 2890 890 2954 cfr.
913 2890 1033 2954 Pollux
1057 2889 1086 2973 1,
1111 2889 1174 2952 113
1197 2889 1226 2952 ἐν

111 3003 175 3084 χρῷ
204 3009 257 3076 τῆς
288 3010 345 3082 γῆς
376 3002 605 3091 παραπλέοντες,
627 3006 705 3071 litus
727 3006 840 3090 legere.
863 3005 941 3069 Loci
963 3024 1059 3088 quem
1081 3003 1226 3068 laudaui-

111 3138 186 3183 mus
215 3120 432 3203 interpretatio
459 3121 536 3185 haec
559 3126 623 3185 est:
648 3122 894 3185 Atheniensium
919 3139 1019 3184 naues
1043 3124 1107 3183 tam
1128 3137 1227 3205 prope

110 3234 301 3316 nauigantes
336 3233 376 3297 ad
411 3233 716 3318 Peloponnesiorum
750 3252 851 3326 naues
886 3231 1078 3298 accedebant
1107 3236 1144 3296 ut
1174 3251 1228 3296 eas

111 3347 206 3431 quasi
228 3350 403 3431 tangerent.

576 3589 768 3598 ——-

208 3843 228 3924 ξ
252 3844 280 3905 2.
303 3839 541 3906 Troestotioees
563 3859 585 3904 c
608 3838 817 3904 mmmaotdas
839 3838 971 3903 7111111111
991 3838 1129 3919 corporis

480 3953 705 4019 conditionibus
727 3957 875 4038 sumptae.

157 4142 248 4223 ‘opio
282 4161 375 4226 saepe
408 4144 454 4206 ita
483 4141 682 4224 transfertur,
713 4145 751 4204 nt
782 4140 867 4204 idem
890 4139 996 4203 ualeat
1019 4158 1056 4202 ao
1078 4143 1230 4223 spectare,

110 4276 254 4342 uergere,
284 4259 382 4322 situm
414 4276 491 4322 csse.
527 4257 621 4322 Uelut
652 4258 681 4339 2,
705 4250 786 4327 5517
815 4252 894 4339 (γῆ)
922 4250 1227 4334 1111171111111111111

111 4371 163 4454 opp
184 4375 305 4457 spectat
327 4371 368 4436 ad
391 4371 648 4456 Peloponnesum
672 4370 726 4434 cfr.
750 4371 779 4454 2,
804 4369 855 4453 93,
879 4370 917 4451 4;
940 4369 969 4454 6,
990 4369 1041 4453 75,
1061 4369 1098 4450 1,
1113 4368 1230 4453 6,101,
