3038 4980
735 489 776 552 61

199 681 318 746 multae
339 684 431 744 natae
453 679 518 742 sint
539 676 768 742 translationes.
781 674 843 761 ⁸Sic
867 676 896 760 6,
919 678 948 760 8,
972 677 991 738 2
1014 675 1163 755 ἐπαγωγά
1185 675 1237 742 καὶ
1259 677 1311 743 οὐκ

198 796 293 869 dante
323 795 462 879 captiosa
484 793 539 856 illa
560 811 596 855 ac
618 791 750 855 fallacia
776 791 806 875 5,
830 792 883 875 85,
908 791 925 854 l
949 789 1037 856 Melii
1059 792 1314 857 Atheniensibus

199 909 323 993 copiam
352 926 418 970 non
440 904 580 970 fecerant
602 902 701 968 uerba
723 902 861 968 faciendi
884 903 923 967 ad
945 905 1114 988 populum,
1144 925 1242 989 quare
1266 907 1313 970 sic

197 1021 293 1105 legati
323 1018 589 1083 criminabantur:
620 1016 691 1080 ideo
723 1017 895 1100 quominus
924 1035 1002 1080 cum
1031 1018 1149 1101 populo
1180 1038 1312 1102 agamus

197 1154 257 1198 nos
280 1133 432 1217 impedire
454 1131 611 1214 uoluistis,
631 1130 718 1215 quod
741 1131 898 1214 metuatis,
918 1149 959 1195 ne
978 1132 1149 1196 multitudo
1171 1134 1314 1197 oratione

199 1251 352 1331 perpetua
372 1246 489 1310 auditis
512 1244 619 1309 uerbis
642 1244 682 1308 ad
703 1243 885 1308 alliciendos
905 1245 1028 1309 animos
1050 1242 1219 1331 (ἐπαγωγά)
1232 1247 1314 1329 aptis

200 1362 382 1445 decipiatur.
414 1357 474 1423 Otr.
501 1361 532 1442 4,
555 1360 606 1436 88,
630 1357 660 1442 l,
681 1354 730 1420 διά
753 1380 785 1420 τε
807 1356 840 1420 πὸ
862 1357 1009 1435 ἐπαγωγά
1032 1357 1118 1423 εἰπεῖν
1140 1358 1188 1423 σὸν
1212 1358 1315 1439 Βρασί-

201 1474 264 1539 δαν.
294 1475 346 1539 Sic
376 1475 469 1538 etiam
494 1473 610 1556 legitur
632 1473 663 1555 4,
687 1473 761 1555 108,
785 1473 820 1534 5:
845 1469 962 1552 ε’φολαά
983 1469 1032 1535 καί
1057 1472 1087 1535 οὐ
1111 1470 1152 1535 τά
1173 1469 1243 1536 ὄντα
1266 1470 1315 1536 λε’-

201 1612 302 1667 γονπος
331 1586 479 1669 Βρασίδου.
511 1585 571 1650 cfr.
602 1585 681 1649 Plat.
711 1584 799 1669 Reip.
824 1585 885 1648 521
910 1584 948 1669 D,
973 1586 1038 1648 524
1059 1585 1087 1649 Ε
1110 1583 1203 1660 ὃλιιίς,
1229 1587 1314 1671 quod

202 1703 318 1769 Surdas
341 1705 581 1786 interpretatur:
605 1699 770 1773 ἑλκυστικδς
793 1697 844 1763 καί
867 1699 1033 1784 ἕπαγινγίς,
1046 1701 1206 1785 Aristoph.
1219 1701 1314 1785 Uesp.

204 1818 268 1881 268
305 1793 438 1898 ίφολκος.
472 1815 556 1879 Fieri
589 1819 695 1879 tamen
728 1818 833 1898 potest
866 1818 903 1877 ut
938 1814 1015 1878 haec
1049 1814 1110 1878 alia
1145 1815 1186 1878 sit
1220 1818 1317 1879 meta·

204 1932 313 2016 phora,
344 1951 363 1994 a
391 1930 594 2014 nauigatione
616 1930 730 2012 petita:
753 1928 891 1992 remulco
914 1933 1042 1993 tractus.
1066 1927 1126 1993 Ofr.
1150 1929 1318 1994 scholiasta

203 2045 244 2110 ad
277 2045 416 2129 Vespas:
450 2039 573 2124 ε’φολκδς
606 2040 704 2122 κυρίως
738 2039 859 2119 λέγεται
894 2040 910 2114 ἡ
940 2039 1055 2119 λέμβος
1085 2039 1146 2115 ἥποι
1177 2041 1194 2115 ἡ
1228 2039 1318 2122 μιαρά

203 2163 276 2231 ναῦς
306 2157 323 2231 ἡ
354 2157 407 2238 ὑφ’
426 2154 531 2237 ,ἑτέρας
554 2155 620 2229 νεὼς
643 2153 782 2233 ἑλκομένη
808 2153 856 2220 διά
878 2153 1060 2235 βραδυτῆτα.
1083 2155 1157 2220 Huc
1180 2156 1317 2221 referen-

205 2274 283 2337 dum
306 2276 354 2337 est
375 2271 464 2355 illud,
488 2270 574 2355 quod
597 2270 714 2354 legitur
739 2271 768 2353 5,
792 2271 851 2333 89:
875 2269 944 2346 μετ’
967 2266 1113 2346 ὀνομάσων
1125 2273 1232 2354 καλῶν,
1244 2289 1317 2335 uer-

206 2387 265 2470 bis,
300 2405 380 2471 quae
414 2385 454 2449 ad
490 2384 711 2468 decipiendum
744 2388 821 2448 sunt
849 2387 931 2448 nata.
953 2382 1147 2461 Ἐπάγεσίαι.
1172 2385 1201 2467 8,
1226 2385 1256 2467 5,
1279 2385 1316 2466 53

208 2501 237 2582 5,
267 2500 319 2583 45,
348 2500 365 2562 1
390 2498 571 2562 Alcibiades
594 2497 753 2562 metuebat
776 2517 816 2562 ne
839 2496 1079 2563 Lacedaemonii
1101 2500 1197 2583 legati
1219 2518 1319 2583 popu-

205 2615 275 2678 lum
305 2617 473 2697 captarent.
500 2611 549 2676 De
571 2612 680 2677 eadem
703 2631 738 2677 re
758 2613 870 2677 iisdem
894 2611 959 2677 fere
982 2612 1089 2677 uerbis
1111 2586 1213 2677 u⁰titur
1234 2612 1318 2677 Plut.

205 2727 275 2792 Nic.
308 2727 357 2790 10.
385 2723 528 2803 Ὕπάγειν
545 2725 581 2817 ,ἐς
603 2725 636 2789 πὸ
659 2723 790 2802 πέλαγος
814 2727 843 2809 8,
871 2726 922 2809 10,
945 2728 981 2789 2:
1005 2728 1117 2791 cosin
1141 2727 1242 2791 altum
1265 2725 1320 2791 eli·

207 2860 279 2905 eere
302 2839 505 2904 conabantur.
530 2838 590 2903 Cir.
612 2839 758 2923 Xenoph.
782 2839 879 2924 Hipp.
903 2842 933 2923 4,
959 2841 999 2903 12
1022 2837 1089 2912 τοὺς
1107 2837 1263 2917 πολεμίους
1280 2839 1320 2911 είς

207 2952 321 3035 ἐνέδραις
345 2950 476 3031 ὑπάγειν.
500 2953 590 3018 Dem.
615 2955 644 3037 3,
668 2955 718 3017 31.
742 2952 894 3033 προσάγειν
916 2953 946 3025 ἐς
968 2951 1020 3026 σὺν
1042 2949 1235 3033 ξυμμαχίαν,
1256 2956 1319 3038 8,3

207 3070 334 3133 allicere
357 3068 397 3133 ad
420 3068 495 3132 belli
519 3069 707 3133 societatem.
730 3065 931 3147 Προσάγεσίαι
950 3064 1053 3148 άπάπρ
1073 3068 1213 3150 Thucyd.
1227 3071 1256 3152 3,
1268 3070 1321 3152 44,

208 3186 237 3247 2.
259 3179 339 3246 odae
357 3183 394 3254 ὡς
406 3179 584 3262 λογογράφον
595 3177 746 3255 ξυνέθεσαν
759 3177 808 3244 ἐπὶ
820 3180 853 3244 τὸ
865 3180 1123 3262 προσαγαγιίπερον
1135 3189 1171 3263 πῇ
1184 3180 1321 3263 άνιροάσει

209 3294 226 3371 ἢ
251 3294 447 3376 άανάὲσπερον.
474 3298 502 3380 1,
523 3298 574 3379 21,
595 3298 691 3359 lnon
703 3297 782 3359 mihi
794 3301 841 3360 est
852 3298 887 3359 in
899 3298 1014 3380 anime,
1026 3297 1102 3360 dicit
1112 3297 1322 3381 Thucydides

210 3414 244 3475 in
269 3410 504 3475 conscribendis
527 3411 667 3474 historiis
690 3429 744 3474 eos
767 3411 893 3493 imitari,
914 3413 978 3494 qui,
989 3415 1026 3474 ut
1038 3412 1217 3476 auditorum
1229 3430 1323 3476 aures

211 3530 368 3609 caperent,
398 3523 570 3589 uerborum
599 3523 762 3588 illecebras
790 3526 899 3608 potius
931 3545 1025 3609 quam
1056 3527 1222 3591 ueritatem
1247 3530 1323 3589 sunt

151 3642 153 3648 '
211 3641 331 3704 sectati.
368 3640 397 3722 5,
432 3638 504 3721 111,
541 3640 569 3701 3.
598 3634 738 3715 ίνίμαπος
769 3635 926 3715 ἐπαγάγου
958 3636 1088 3723 δυνάμει,
1120 3642 1155 3703 ui
1184 3642 1323 3706 nominis

211 3753 387 3817 allicientis.
410 3751 595 3816 Notandum
618 3756 665 3816 est
688 3747 942 3817 etiam'uerbum
965 3749 1324 3837 §exclamacione

212 3867 266 3949 44,
288 3867 318 3949 4,
341 3865 398 3930 ubi
421 3866 602 3950 oppositum
624 3866 797 3949 inuenitur,
820 3869 857 3928 ut
880 3866 1015 3950 saepius,
1038 3865 1220 3931 άπάσασίαι.

260 3978 309 4044 Ile
340 3981 380 4044 iis
415 3998 499 4063 quae
534 3983 714 4063 sequuntur
743 3998 809 4042 non
839 3983 963 4043 constat
983 3981 1065 4044 inter
1086 3981 1174 4044 uiros
1197 3981 1322 4062 doctos;

212 4095 301 4159 litem
326 4095 474 4159 dirimere
496 4113 560 4158 non
584 4098 631 4158 eet
653 4093 744 4158 facile
767 4112 826 4158 nec
849 4094 928 4156 mihi
950 4098 998 4158 est
1020 4096 1055 4157 in
1077 4095 1182 4158 animo
1202 4093 1236 4158 id
1254 4113 1325 4158 sus·

214 4211 320 4293 cipere
342 4229 441 4289 onus,
467 4227 504 4273 ea
526 4212 652 4273 tantum
675 4226 759 4291 quae
782 4207 1026 4291 disputauerunt
1048 4211 1095 4272 rei
1117 4210 1219 4292 periti,
1232 4226 1327 4292 quae

213 4341 278 4408 que
301 4323 370 4406 ipse
392 4322 494 4387 sentio
518 4341 590 4386 sum
609 4321 800 4405 prolaturus.
821 4320 850 4404 6,
872 4319 924 4404 86,
946 4321 963 4384 l
984 4321 1016 4385 πὸ
1035 4320 1093 4403 γάρ
1105 4317 1233 4403 πρότερον
1246 4319 1327 4399 ἡμᾶς
