3038 4980
688 489 708 550 5

147 676 199 740 die
221 674 385 760 Metapher
409 675 465 740 das
487 676 615 740 trithere
640 675 738 760 Wort,
759 677 894 742 welches
914 676 982 742 sich
1001 680 1065 742 erst
1078 676 1259 740 allmtthlich

147 809 223 854 zum
264 789 475 874 eigentlichen
516 790 690 855 Ausdruclr
731 789 915 855 entfarbte.”
959 790 1058 873 ,Jede
1092 788 1259 875 Sprache,''

147 903 257 967 uerius
293 923 390 987 quam
424 904 601 989 elegantius
631 904 727 987 addit,
758 906 819 986 ,ist
849 906 883 968 in
913 903 1089 968 Rticlrsieht
1110 905 1261 989 geistiger

146 1015 374 1101 Beziehungen
393 1017 445 1082 ein
465 1016 676 1083 Wtirterbuch
695 1018 864 1083 erblasster
879 1017 1096 1104 Metaphern.'’
1109 1018 1150 1082 111
1163 1038 1259 1102 quam

145 1149 223 1194 uere
246 1130 363 1195 uiderit
385 1131 506 1195 Paulus
530 1150 572 1196 ex
594 1133 643 1210 iis,
663 1151 745 1216 quae
763 1135 967 1217 grammatica
987 1134 1200 1216 comparatius
1219 1133 1259 1198 de

147 1247 356 1330 originatione
367 1246 393 1331 1)
427 1247 630 1331 singulorum
661 1245 891 1311 uocabulorum
922 1249 956 1311 in
987 1248 1093 1314 lucem
1116 1249 1259 1333 protulit,

147 1362 224 1426 satis
247 1379 407 1446 superque
429 1361 604 1445 apparetl).

190 1475 373 1560 Metaphora
397 1476 476 1560 quid
497 1476 539 1539 sit
560 1476 623 1539 iam
644 1475 802 1557 uidimus3
822 1479 920 1541 restat
939 1479 976 1540 ut
995 1477 1090 1561 plane
1109 1480 1257 1561 etaperte

52 1678 55 1683 ι
147 1592 290 1656 dicamus
312 1590 345 1654 id
369 1590 455 1674 quod
476 1590 628 1675 implicite
651 1595 683 1655 et
702 1589 884 1655 abscondite
902 1593 944 1656 iis
964 1610 1046 1676 quae
1065 1611 1163 1677 supra
1175 1591 1257 1656 dixi·

147 1726 220 1770 mus
243 1707 430 1770 continetur.

190 1819 288 1883 Varia
314 1818 556 1882 translationum
581 1822 658 1882 sunt
680 1837 804 1902 genera,
828 1837 911 1903 quae
932 1819 992 1883 rite
1014 1822 1051 1883 ut
1073 1819 1258 1905 intellegan·
1286 1864 1291 1873 -
1326 1846 1335 1862 ,

145 1939 199 1999 tur
219 1933 300 1998 bene
322 1936 399 1997 sunt
422 1931 653 2017 distinguenda.
676 1931 824 1995 Primum
847 1933 954 2016 ipsum
978 1931 1147 1997 audiamus
1171 1931 1257 1998 Cice-

145 2066 265 2131 ronem,
288 2049 345 2131 qui
366 2047 425 2110 hac
446 2048 482 2111 in
505 2047 559 2110 uia
582 2047 720 2131 optimus
741 2046 819 2109 mihi
839 2046 907 2110 dux
927 2065 996 2111 esse
1015 2047 1151 2111 uidetur.
1165 2046 1257 2124 Quod

146 2163 231 2227 enirn
264 2199 304 2208 —
337 2162 416 2225 haec
446 2162 516 2226 eins
547 2163 622 2224 sunt
644 2159 752 2244 uerba,
776 2179 859 2245 quae
881 2161 1034 2245 leguntur
1056 2162 1094 2226 de
1118 2160 1203 2227 Orat.
1228 2165 1257 2247 3,

146 2277 197 2359 38,
235 2275 407 2338 155-156
451 2313 482 2320 -
518 2275 669 2340 declarari
703 2275 762 2338 nix
796 2274 894 2339 uerbo
925 2277 1050 2361 proprio
1082 2280 1194 2361 potest,
1224 2278 1259 2341 id

144 2390 297 2455 translato
329 2409 403 2453 cum
434 2393 482 2453 est
512 2388 643 2466 dictum,
663 2388 801 2453 illustrat
830 2388 865 2452 id
888 2389 974 2473 quod
997 2390 1139 2474 intellegi
1162 2391 1256 2454 uolu-

145 2524 227 2589 mus,
252 2505 322 2568 eius
344 2504 400 2587 rei,
423 2523 518 2587 quam
539 2503 642 2568 alieno
661 2502 761 2568 uerbo
779 2505 956 2588 posuimus,
968 2504 1150 2570 similitudo.
1169 2503 1255 2590 Ergo

144 2620 205 2684 hae
239 2618 460 2683 translationes
491 2619 584 2702 quasi
614 2618 829 2682 mutuationes
860 2621 945 2702 sunt,
976 2638 1050 2682 cum
1080 2619 1167 2702 quod
1190 2639 1256 2683 non

144 2732 260 2798 habeas
294 2733 424 2797 aliunde
457 2752 573 2797 sumas.
608 2731 685 2796 illae
720 2733 815 2816 paulo
850 2732 1045 2817 audaciores,
1076 2752 1158 2817 quae
1189 2754 1255 2798 non

143 2847 283 2930 inopiam
316 2846 466 2930 indicant,
497 2846 552 2910 sed
583 2847 699 2910 oratori
728 2846 904 2931 splendoris
936 2846 1058 2931 aliquid
1081 2853 1254 2913 arcessunt.

146 2961 205 3026 cn.
230 2959 338 3037 Quint.
361 2962 392 3043 8,
415 2960 444 3045 6,
469 2959 530 3040 53).
556 2957 693 3023 Omnino
712 2960 811 3043 igitur
830 2960 893 3023 duo
913 2960 1156 3024 translationum
1178 2964 1254 3025 sunt

143 3094 268 3160 genera,
292 3093 429 3160 quorum
453 3073 618 3158 quaedam,
642 3077 679 3137 ut
700 3092 777 3137 mox
796 3073 982 3159 uiderimus,
1002 3076 1123 3159 species
1143 3074 1255 3139 distin-

144 3193 297 3274 guuntur.

187 3305 240 3369 Ad
273 3325 377 3370 unum
406 3322 509 3388 genus
539 3301 721 3367 referendae
748 3305 825 3365 sunt
846 3301 1069 3366 translationes
1093 3302 1254 3387 simplices

146 3439 228 3507 quae
260 3420 369 3484 uocari
397 3417 546 3503 possunt,
579 3416 620 3479 ad
649 3414 783 3479 alterum
813 3414 887 3479 illae
918 3412 1025 3480 Cicero
1058 3435 1139 3500 quas
1161 3419 1255 3480 uocat

147 3589 290 3602 ...---

177 3695 202 3758 1)
219 3693 386 3761 Etymologia,
410 3707 476 3757 quae
498 3692 640 3742 uerborum
657 3690 782 3756 originem
798 3688 947 3756 inquirite
964 3688 1084 3740 Cicerone
1104 3688 1175 3754 (Pop.
1193 3689 1209 3738 1
1230 3693 1256 3742 et

144 3787 170 3855 8)
192 3789 260 3838 dicta
285 3791 324 3837 est
349 3786 454 3837 notatio.
481 3783 550 3837 Sunt
575 3784 622 3849 qni
646 3782 702 3833 uim
727 3782 813 3846 potius
837 3781 926 3832 intuiti
942 3781 1138 3846 originationem
1155 3785 1256 3834 nocent.

145 3879 253 3939 Quintil.
270 3879 334 3930 Inst.
350 3876 375 3944 1,
392 3875 417 3942 6,
435 3874 476 3926 18,

119 4010 122 4017 ,
177 3969 201 4033 1)
218 3970 298 4021 Plura
313 3970 345 4020 de
362 3969 411 4020 hac
426 3983 455 4019 re
471 3967 644 4020 inueniuntur
661 3965 729 4031 apud
745 3965 769 4018 J.
786 3966 876 4030 Bauer,
894 3965 944 4016 Das
962 3964 1018 4016 Bild
1036 3965 1064 4015 in
1079 3965 1125 4016 der
1134 3963 1254 4031 Sprache.

144 4059 355 4115 Ansbach1879.

176 4158 208 4208 Et
224 4156 292 4222 apud
310 4154 338 4206 G.
356 4153 460 4215 Gerber,
477 4151 524 4203 Die
541 4151 652 4217 Sprache
670 4150 708 4201 als
724 4149 819 4210 Kunst‚
836 4147 911 4217 1881,
925 4149 993 4214 apud
1002 4148 1070 4200 Kurt
1079 4148 1255 4201 Brachmann.

143 4247 350 4317 Psychologisohe
367 4245 474 4297 Studien
492 4259 538 4296 zur
554 4242 803 4310 Spraehgeschichte,
821 4257 876 4308 pag.
894 4239 952 4292 187.

172 4339 200 4408 3)
219 4340 269 4394 Cir.
286 4339 336 4395 Cic.
355 4336 483 4400 011117,
500 4335 540 4406 at,
557 4336 589 4387 ad
608 4335 719 4389 Herenn.
738 4334 762 4402 1,
779 4333 821 4400 33,
841 4334 949 4395 Quintil.
967 4332 1009 4402 10,
1026 4331 1107 4396 1,11.
