3038 4980
729 478 770 542 30

243 667 332 733 Haec
353 669 507 752 leguntur
531 667 560 750 6,
583 666 678 760 20,2
703 663 749 728 ἐπὶ
772 662 829 744 peip
849 662 947 736 πόλεις
967 659 1116 744 μέλλομεν
1129 658 1201 724 ἱέναι
1215 655 1315 737 μεγαί-

199 795 257 853 λας
280 779 332 845 καὶ
356 779 413 845 ott'
437 778 578 854 ὑπηκόους
600 777 738 852 αλλήλων
761 775 849 850 οὔσας
872 774 1011 854 δεομέναις
1036 773 1221 853 μεταβολῆς,
1244 767 1318 852 ᾖδον

198 895 231 959 ἕκ
254 893 351 971 βιαίου
373 918 418 966 τις
440 892 571 965 δονλενάς
594 889 721 969 ἴοι-μενος
744 891 773 964 ἐς
797 890 853 974 ρ’ρέιο
873 888 1058 968 μεπιὶσπαονν
1078 886 1193 968 χωροίη,
1208 884 1268 950 οὔτ’
1281 884 1319 949 ἂν

199 1005 252 1079 πῖον
282 1007 379 1088 ἀρχὴν
407 1005 460 1080 πῖρν
491 1004 634 1087 ἡμετέραν
661 1003 775 1077 εἰκότως
796 1004 862 1067 ἀντ’
887 1001 1043 1083 ἐλευθερίας
1066 997 1317 1078 προσδεξαμένοις.

199 1120 327 1185 Etenim
370 1121 527 1185 aduersus
567 1121 712 1184 ciuitates
748 1137 878 1201 magnas
912 1118 990 1180 ituri
1024 1135 1147 1198 sumus,
1181 1115 1319 1178 aliarum

198 1217 331 1320 imperio
362 1254 428 1298 non
458 1238 605 1319 parentes
636 1253 695 1298 nec
724 1234 900 1297 mutatione
925 1235 1062 1315 egentes,
1086 1250 1151 1313 qua
1172 1231 1318 1313 ipsarum

200 1349 308 1432 aliqua
331 1368 373 1413 ex
396 1348 476 1412 dura
499 1349 654 1412 seruitute
677 1349 711 1409 in
735 1347 897 1410 meliorem
918 1363 1025 1408 rerum
1038 1347 1158 1408 statum
1170 1345 1321 1406 transeat.

200 1461 320 1547 Poppo,
342 1464 473 1526 limatus
494 1461 549 1526 ille
572 1466 603 1526 et
625 1465 795 1526 emunctus
819 1460 979 1544 praeclare
997 1478 1055 1542 pro
1077 1478 1136 1522 sua
1149 1459 1322 1542 sagacitate

201 1575 279 1639 haec
309 1579 457 1639 annotat:
492 1573 730 1658 ,Distinguitur
760 1575 886 1638 interna
909 1578 1062 1656 tanquam
1085 1591 1123 1635 ac
1145 1570 1322 1636 domestica

200 1688 340 1773 libertae,
364 1710 427 1773 qua
450 1688 547 1753 urbes
571 1689 752 1754 Sicilienses
776 1692 913 1752 utuntur
932 1706 1040 1751 rerum
1058 1687 1239 1750 mutatione
1257 1704 1321 1749 non

200 1808 329 1888 egentes
364 1803 428 1883 (cfr.
463 1805 492 1886 7,
523 1805 575 1886 55,
607 1805 638 1886 2)
671 1801 858 1866 alibertate
881 1806 1015 1866 externa
1038 1820 1134 1885 quam
1159 1798 1198 1863 ab
1222 1799 1324 1863 Athe-

201 1919 364 1982 niensium
386 1918 520 2000 imperio
543 1915 705 1981 defensuri
729 1914 836 1980 sunt.”

244 2029 420 2113 Perspicua
447 2030 577 2092 omnino
601 2034 679 2093 sunt
701 2027 799 2092 uerba
823 2026 1060 2091 Corinthiorum
1082 2025 1323 2090 Lacedaemone

202 2162 286 2227 quae
316 2147 393 2207 sunt
422 2143 522 2207 locuti
554 2143 583 2225 1,
616 2143 688 2225 121,
720 2145 739 2204 5
764 2138 780 2214 ἢ
805 2138 949 2204 hervordia
971 2137 1013 2214 εἴη
1037 2140 1061 2202 εἰ
1084 2136 1108 2203 οἱ
1131 2138 1186 2217 μὲν
1209 2137 1322 2203 ἐκείνων

199 2253 365 2335 ξύμμαχοι
401 2255 451 2320 ἐπὶ
481 2255 596 2339 δουλεία
626 2265 662 2337 τῇ
694 2256 788 2320 αὑτῶν
815 2256 949 2338 Φέρονπες
972 2256 1022 2320 οὐκ
1044 2255 1206 2336 οὶπεροῦονν,
1233 2255 1323 2333 ἡμεῖς

202 2370 231 2434 δ’
256 2369 306 2434 ἐπὶ
330 2370 371 2451 api
394 2370 596 2452 τιμωρούμενοι
619 2369 686 2442 ποὺς
707 2369 825 2451 ἐχθροὺς
848 2369 898 2434 καὶ
917 2368 1002 2434 αὐτοὶ
1021 2367 1090 2448 ἅμα
1108 2366 1250 2449 σώζεσθαι
1271 2369 1322 2434 οὐκ

204 2481 261 2565 ἄρα
285 2483 503 2562 δαπανήσομεν.

246 2601 319 2662 Aut
341 2618 418 2663 uero
441 2598 610 2682 indignum
634 2598 738 2681 fuerit,
762 2600 790 2662 si
810 2597 940 2662 illorum
960 2598 1090 2682 quidem
1111 2598 1191 2662 socii
1208 2599 1245 2660 in
1264 2597 1327 2660 hoc

203 2715 241 2775 ut
271 2713 460 2776 seruitutem
490 2730 583 2775 suam
611 2715 772 2794 tueantur,
792 2713 946 2795 pecunias
968 2710 1111 2776 conferre
1134 2730 1201 2774 non
1224 2711 1327 2775 desis-

204 2831 285 2909 tent,
317 2845 377 2890 nos
407 2844 484 2889 uero
507 2827 542 2887 in
564 2825 625 2889 hoo
647 2829 683 2889 ut
705 2826 812 2890 hostes
835 2827 1025 2890 ulciscentes
1046 2827 1111 2910 ipsi
1135 2826 1235 2890 simul
1258 2845 1327 2890 ser-

204 2958 321 3003 uemur
343 2939 451 3002 nullas
473 2941 627 3021 pecunias
650 2958 838 3003 consumere
860 2940 1016 3003 nolemus.
1116 3006 1121 3015 ,

251 3052 304 3116 Sic
333 3072 428 3136 porro
452 3054 572 3136 passim
595 3055 697 3117 utitur
718 3052 920 3135 Thucydides
942 3053 1095 3119 uocibus:
1120 3052 1233 3126 δοῦλος,
1259 3053 1327 3117 δον·

204 3171 285 3240 νοῦν,
310 3166 427 3231 δουλεία
450 3187 627 3251 eorumque
650 3170 811 3253 oppositis.

249 3282 342 3346 Aliae
375 3280 570 3362 Thucydidis
606 3282 666 3345 hoc
695 3283 731 3345 in
760 3301 876 3366 genere
898 3283 1122 3347 translationes
1145 3283 1205 3348 hae
1228 3287 1325 3347 sunt:

207 3396 237 3478 l,
261 3396 313 3478 81,
337 3394 356 3456 6
380 3392 453 3466 εἰκὸς
476 3392 645 3467 Ἀθηναίους
668 3395 835 3474 φρονήματι
855 3394 933 3473 μήτε
950 3402 987 3475 πῇ
1006 3403 1046 3475 γῇ
1059 3394 1231 3470 δονλεῢσαις
1245 3397 1327 3461 adeo

206 3509 382 3574 uerisimile
403 3513 460 3591 est,
483 3512 520 3572 ut
542 3508 756 3571 Athenienses
777 3527 835 3591 pro
858 3509 958 3571 animi
976 3508 1199 3592 magnitudine
1218 3527 1330 3593 neque

206 3643 283 3707 agro
317 3623 469 3687 seruiunt
505 3623 535 3704 3,
566 3621 618 3703 38,
648 3620 668 3682 6
700 3619 794 3684 δοῦλοι
824 3618 904 3693 ὄντες
924 3624 981 3683 πῶν
1003 3619 1051 3684 ἀεὶ
1074 3620 1193 3685 ἀτόπων
1215 3641 1329 3688 rerum

206 3738 402 3801 inusitarum
425 3753 519 3819 saepe
541 3736 637 3799 serui.

251 3849 305 3913 Sic
337 3854 369 3914 et
402 3849 522 3912 mirum
551 3848 586 3909 in
617 3844 748 3910 modum
776 3846 967 3912 hansfcrtur
990 3848 1127 3913 uerbum
1150 3848 1272 3914 διαιροῦν
1296 3853 1333 3937 4,

208 3962 301 4044 34,1
325 3967 362 4042 τῇ
385 3959 490 4040 γνώμῃ
514 3956 728 4036 δεδουλωμένοι.
753 3957 928 4024 Scholiasta
946 3962 1329 4045 iuterpretaturraraara-

207 4073 340 4153 νωμὲνιιε
365 4073 525 4138 abiectum
546 4078 578 4138 et
600 4073 738 4138 fractum
761 4091 831 4137 esse
853 4074 968 4138 animo.
989 4073 1054 4140 Otr.
1076 4076 1104 4159 7,
1118 4076 1202 4159 71,3
1223 4081 1330 4163 magis

207 4189 333 4252 animos
363 4206 460 4271 quam
492 4187 549 4270 qui
578 4187 614 4250 in
643 4186 713 4269 ipsa
742 4204 850 4270 pugna
871 4186 1085 4254 rrersahantur
1108 4190 1329 4258 demittebant.

207 4300 335 4366 Dicitur
355 4300 455 4385 igitur
477 4298 517 4364 de
538 4299 588 4384 iis,
611 4298 668 4383 qui
686 4297 859 4383 desperatis
879 4299 1028 4366 omuibus
1046 4305 1171 4368 animos
1191 4304 1329 4390 despon-
