3038 4980
726 485 768 549 68

192 676 379 757 ε’πννοίγεσίε
400 677 451 741 οὐκ
473 672 563 740 ἄλλον
585 671 651 738 unt
671 669 844 753 προσείονπες
866 666 961 751 Φόβον
983 665 1000 743 ἦ
1024 693 1051 734 α
1065 692 1091 732 π.
1105 682 1133 732 λ.
1155 668 1307 734 Pastores

195 795 346 859 dicuntur
375 788 509 872 προσείων
539 809 613 853 oum
636 787 779 851 trondem
802 805 900 849 manu
923 785 1101 870 quatientes
1123 803 1224 867 pecus
1248 784 1307 847 du·

196 910 274 972 eunt
297 925 361 992 quo
384 904 507 969 uolunt.
526 902 588 968 un.
607 901 724 966 Athen.
747 901 775 982 l,
789 900 840 963 19.
850 898 930 962 Plat.
942 897 1077 964 Phaedr.
1091 899 1155 962 230
1169 895 1198 961 Ι)
1213 893 1308 977 ίίσπερ

196 1018 253 1101 yda
284 1019 308 1084 οί
336 1016 375 1082 ποί
405 1019 545 1082 πωνῶνπα
568 1012 724 1096 ίρὲροροαπα
747 1011 851 1077 θαλλὸν
873 1007 890 1084 ἦ
913 1034 977 1074 πννα
1000 1011 1107 1091 καρπὸν
1129 1009 1308 1091 προσείονπες

199 1131 326 1211 ἄγουσιν.
352 1130 458 1207 Quare
480 1133 557 1214 puto
577 1147 651 1193 eum
669 1125 813 1191 Belrlrero
832 1123 901 1189 fieri
918 1125 1061 1208 potuisse
1080 1128 1116 1188 ut
1126 1124 1307 1206 Thucydidi

201 1246 370 1311 obuersata
402 1245 444 1308 sit
472 1243 589 1306 locutio
619 1241 709 1305 haee:
740 1234 873 1318 προσείων
904 1234 1019 1310 aaaron,
1052 1237 1138 1321 quod
1160 1239 1195 1301 ni
1217 1236 1311 1302 fallor

201 1360 338 1424 ostendit
360 1357 496 1422 uerbum
518 1352 711 1431 ε’πνγοίγεσίε.
737 1350 797 1415 Cir.
822 1349 991 1416 Ruhnken.
1015 1351 1054 1415 ad
1076 1351 1154 1416 Tim.
1177 1351 1252 1417 137.
1265 1352 1309 1415 At

200 1474 309 1559 Poppo
342 1476 433 1557 putat
467 1467 627 1547 ἐπάγεσθαι
656 1469 716 1532 uix
745 1465 878 1530 uerbum
907 1465 1095 1530 translatum
1120 1462 1182 1529 diei
1207 1483 1309 1549 posse.

203 1587 287 1665 Quid
321 1586 422 1651 uero?
455 1604 497 1649 an
530 1588 625 1667 negat
655 1583 748 1646 etiam
776 1579 911 1644 uerbum
935 1577 1090 1657 ε’ποίγωρον
1112 1598 1182 1644 esse
1207 1583 1310 1644 trans·

203 1700 326 1766 latum?
349 1699 432 1763 Sunt
455 1698 512 1782 qui
534 1696 629 1760 aliam
651 1693 871 1778 ingrediantur
893 1693 987 1757 uiam.
1008 1693 1214 1757 Antistantur
1225 1693 1312 1758 Aeli-

202 1834 299 1879 anum
321 1811 404 1876 VH.
428 1811 479 1895 12,
499 1811 541 1872 23
567 1809 622 1892 qui
644 1807 720 1871 dicit
741 1803 782 1870 νίν
803 1801 875 1886 ξίφη
899 1802 951 1869 καί
974 1803 1015 1868 ποί
1033 1801 1141 1885 δίραπα
1164 1804 1309 1887 προσείων.

203 1927 303 2013 Saepe
322 1928 405 1992 enim
428 1926 468 1990 ad
490 1929 641 1989 terrorem
664 1922 747 1986 hosti
769 1921 990 1985 incutiendum
1012 1921 1132 2004 gladios
1155 1924 1186 1986 et
1205 1922 1312 1986 hastas

203 2043 340 2107 uibrant.
363 2040 495 2105 Accedit
518 2037 603 2122 quod
626 2037 776 2120 pleraque
799 2035 860 2098 alia
883 2054 955 2098 aum
979 2034 1077 2098 uerbo
1101 2032 1165 2099 σείο
1185 2054 1312 2121 compo·

204 2159 265 2222 sita
293 2154 564 2240 significationem,
593 2155 631 2215 ut
661 2149 737 2214 dicit
766 2148 940 2232 Belrlrerus,
971 2149 1129 2213 minarum
1153 2153 1185 2213 et
1208 2154 1312 2214 metus

204 2267 337 2333 habent:
372 2264 521 2338 οίνασείενν,
555 2261 692 2328 ἐπισείειν.
727 2261 786 2326 Otr.
819 2263 847 2346 5,
879 2262 929 2346 17,
960 2263 979 2324 2
1007 2258 1061 2335 ἤδη
1086 2262 1258 2342 παρασκευή
1281 2286 1313 2326 πε

205 2379 440 2464 προεπανεσείσίν
471 2379 530 2445 οίπί
560 2382 615 2442 πῶν
645 2375 889 2455 Λακεδαιμονίων,
914 2381 944 2442 et
967 2378 998 2461 4,
1021 2377 1094 2461 126,
1118 2379 1138 2440 5
1161 2378 1178 2450 ἡ
1202 2375 1314 2443 ε’πανοί-

207 2519 293 2570 σωσνς
315 2498 371 2559 πῶν
392 2492 495 2559 ὅπλων.
519 2492 580 2558 Ofr.
603 2513 697 2578 porro
717 2492 835 2557 Pollux
859 2494 887 2577 l,
912 2493 984 2556 151.
1007 2491 1093 2558 Plut.
1112 2492 1219 2558 Them.
1241 2495 1314 2559 206.

207 2611 311 2676 Latini
334 2590 444 2675 dieunt
465 2610 607 2674 incutere
631 2612 759 2673 metum.
781 2607 823 2672 Et
845 2628 960 2673 uerum
983 2609 1011 2673 si
1034 2610 1228 2695 quaerimus,
1252 2629 1315 2674 non

208 2728 314 2813 agitur
345 2726 404 2789 hoc
433 2724 503 2788 loeo
534 2724 573 2788 de
600 2741 635 2786 re
656 2727 745 2807 grata
767 2727 864 2806 atque
886 2722 925 2785 ad
950 2742 984 2799 ee
1007 2722 1173 2808 alliciente,
1197 2725 1253 2789 sed
1277 2725 1316 2789 de

206 2859 241 2905 re
263 2838 405 2904 horribili
427 2837 528 2921 magis
551 2841 582 2901 et
603 2835 788 2920 periculosa.
813 2835 873 2899 cfr.
896 2835 1006 2920 Eurip.
1030 2835 1122 2901 Here.
1145 2836 1207 2901 fur.
1223 2837 1315 2901 1218.

207 2953 279 3021 Hel.
311 2955 384 3016 445.
413 2953 526 3036 Neque
555 2952 831 3035 praetermittenda
862 2970 945 3039 quae
966 2952 1119 3036 leguntur
1141 2953 1228 3036 apud
1253 2951 1315 3017 cio.

208 3069 243 3131 in
265 3068 397 3132 Verrem
420 3068 449 3148 4,
474 3067 532 3129 34;
556 3070 625 3129 tum
649 3084 736 3149 spem
756 3070 825 3129 tum
837 3070 959 3130 metum
971 3065 1150 3130 ostendens.
1164 3065 1247 3130 Sunt
1261 3067 1316 3151 qui

209 3186 322 3266 putent
339 3179 556 3260 Thucydidem
575 3178 654 3242 duas
673 3179 895 3244 translationes
914 3178 1057 3243 diuersas
1077 3197 1142 3242 non
1154 3177 1317 3244 beneiun·

211 3297 308 3378 xisse,
337 3294 429 3377 quasi
460 3293 562 3357 dieere
589 3292 685 3357 uellet
715 3297 802 3357 metu
834 3297 959 3357 ostenso
990 3292 1097 3376 aliquo
1120 3293 1317 3378 compellere.

210 3410 277 3473 Alii
306 3409 345 3473 ab
376 3407 485 3492 aegide
516 3426 632 3490 quassa
659 3407 718 3470 hoo
752 3407 877 3471 dicendi
899 3425 1003 3491 genus
1025 3409 1181 3490 repetunt.
1205 3407 1319 3472 Uarias
1412 3490 1416 3496 Ι

213 3523 384 3588 sententias
414 3523 449 3585 in
480 3521 620 3586 medium
643 3522 813 3606 protulisse
836 3526 885 3586 sat
908 3525 964 3606 est,
987 3540 1037 3586 me
1059 3522 1320 3606 prudentioribus

212 3635 458 3721 relinquendum
481 3635 570 3718 duxi,
594 3635 671 3719 quid
693 3637 736 3699 sit
758 3635 969 3700 statuendum.

255 3747 343 3814 Haeo
370 3748 523 3832 leguntur
554 3749 582 3830 3,
605 3748 657 3831 40,
682 3747 699 3810 l
733 3748 783 3811 οὐκ
812 3739 858 3812 οὖν
888 3745 936 3810 δεῖ
959 3752 1102 3827 προτεῖναί
1125 3746 1234 3813 ἐλπίδα
1257 3747 1321 3814 οὔτε

213 3860 291 3943 λόγῳ
318 3859 424 3933 πνσπίρν
446 3857 510 3924 οὕπε
530 3858 681 3942 χρήμασίν
704 3858 822 3935 ὠνητήν,
846 3861 884 3934 er
906 3856 1084 3939 ξυγγνώμην
1105 3859 1249 3943 οίααρπεῑν
1271 3863 1321 3927 οίν-

214 3973 351 4055 ίροπίνος
381 3973 531 4053 λήψονται.
555 3973 608 4039 Sic
630 3976 767 4039 correxit
790 3974 1034 4040 Herwerdenus.
1056 3973 1144 4039 Libri
1167 3977 1246 4042 dant
1268 3981 1323 4043 aut

214 4089 354 4170 προίεῖναν
376 4107 551 4173 proponere
573 4094 628 4154 aut
651 4089 808 4162 προσθεῖναί
831 4090 954 4155 addere.
976 4091 1006 4152 A
1025 4090 1181 4174 palaestra
1193 4094 1323 4159 uidetur

215 4205 348 4288 petitum
382 4203 559 4288 genuinum
592 4205 620 4267 si
653 4208 701 4268 est
734 4205 889 4284 προίείναν;
926 4203 1011 4286 quod
1044 4224 1121 4269 uero
1155 4204 1276 4272 frustra
1304 4228 1324 4273 a

216 4315 360 4382 Goellero
380 4315 558 4381 defenditur
576 4316 733 4397 προσθεῖναι
746 4318 874 4383 omnino
887 4320 935 4382 est
946 4317 1149 4383 reiciendum.
1162 4318 1197 4384 Si
1209 4339 1324 4387 uerum
