3038 4980
640 502 681 565 81

79 688 277 767 εξελνλνθέναν
311 690 368 754 ubi
401 690 440 754 de
473 690 585 753 iisdem
617 691 722 773 agitur
755 689 897 755 indutiis.
934 691 1088 756 Eiusdem
1121 698 1196 757 sunt

75 808 202 889 generis
235 805 458 868 translationes
492 808 702 887 peruetustae,
738 823 820 887 quae
854 811 1052 888 sequuntur:
1090 803 1189 886 έτορον

78 918 215 1001 ἄνθρωπον
244 920 388 983 homines
418 919 603 1001 indigentes
622 916 697 982 1062.
723 918 751 1000 1,
775 919 848 1000 136,
871 913 995 982 2’κατο“ο
1021 919 1054 983 τὸ
1077 917 1198 1001 atropos:

80 1034 204 1097 consilii
233 1034 340 1116 inopia
362 1038 498 1096 coactus.
521 1031 620 1115 Saepe
643 1033 780 1095 occurrit
804 1031 929 1111 εὐπορεῖν
953 1051 1046 1117 posse
1071 1033 1200 1097 ο1ο1το-
1246 1077 1247 1080 ¹

78 1153 132 1227 μεῖν
155 1147 279 1211 consilii
301 1148 428 1230 inopem
453 1164 532 1211 esse.
557 1146 587 1228 8,
612 1146 663 1228 11,
688 1146 706 1207 2
731 1151 762 1209 et
787 1144 817 1227 6,
840 1146 893 1229 44,
916 1145 982 1228 2¹).

125 1261 156 1324 A
178 1260 335 1325 manendo
358 1266 425 1324 orta
448 1265 496 1324 est
518 1234 596 1324 hoec
620 1260 800 1324 translatio:
826 1261 854 1344 l,
880 1261 951 1344 142,
977 1262 993 1323 1
1019 1265 1069 1325 τοῦ
1093 1261 1124 1325 δὲ
1147 1285 1199 1325 το-

80 1373 171 1452 λέμου
194 1374 218 1438 οἱ
241 1372 331 1455 καιροὶ
354 1375 385 1437 οὐ
408 1373 529 1458 μενετοί,
556 1375 630 1439 belli
653 1375 834 1438 occasiones
857 1374 977 1439 nullam
1002 1395 1124 1440 moram
1145 1397 1200 1461 pa-

80 1491 215 1552 tiuntur.
239 1487 352 1565 Quoad
377 1490 566 1553 sententiam
590 1487 645 1554 cfr.
670 1487 759 1552 Dem.
782 1488 896 1572 Philip.
922 1489 950 1573 1,
975 1490 1025 1553 37.

126 1602 165 1666 In
199 1605 254 1667 uia
288 1604 431 1667 cunctari
462 1602 516 1667 uel
546 1603 658 1686 procul
690 1604 783 1686 sequi
813 1605 939 1686 proprio
963 1623 1061 1668 sensu
1083 1605 1200 1689 legitur

86 1717 114 1800 1,
146 1717 218 1800 131,
249 1718 278 1800 2,
309 1716 461 1780 translato
494 1735 570 1780 uero
602 1717 630 1799 2,
654 1716 706 1798 87,
729 1718 759 1798 4,
782 1716 839 1780 ubi
863 1720 1033 1800 opponitur
1055 1716 1198 1798 προύχειν.

82 1829 183 1907 ’Τμῶν
210 1830 235 1894 δ’
260 1828 318 1893 οὐδ’
342 1829 358 1902 ἦ
381 1828 496 1909 οὶντενρία
518 1832 651 1892 τοσοῦτον
675 1826 807 1892 λείπεται
830 1825 893 1893 ὅσον
916 1827 1015 1911 τέλμα
1041 1830 1197 1911 τροέχετεε

84 1964 150 2008 non
183 1949 271 2008 tanto
300 1945 458 2027 imperitia
489 1945 564 2008 estis
595 1944 761 2008 inferiores
793 1949 912 2027 quanto
943 1945 1075 2009 audacia
1106 1966 1200 2030 supe·
1311 1930 1313 1937 '

85 2059 192 2122 riores.
223 2057 283 2121 Ofr.
316 2057 345 2141 6,
378 2059 428 2140 72,
460 2059 478 2119 2
509 2053 619 2130 ξύνεσιν
642 2056 749 2123 οὐδενὸς
773 2055 950 2135 λειπόμενος,
976 2060 1005 2143 5,
1031 2058 1081 2142 69,
1107 2061 1143 2141 1,
1170 2062 1199 2143 1,

86 2172 137 2255 10,
174 2174 192 2235 3
228 2176 259 2236 et
292 2173 320 2256 7,
357 2171 408 2255 66,
441 2173 460 2234 3
495 2168 592 2252 ἄνδρες
626 2173 683 2252 γαρ
717 2169 833 2234 ἕτενδοὶν
868 2163 888 2251 ᾧ
921 2168 1033 2245 ἀξιοῦσι
1064 2170 1200 2252 προύχειν

84 2286 259 2350 κολονθῶονν.
284 2286 318 2351 Si
341 2306 387 2370 eo,
411 2307 474 2370 quo
498 2287 568 2351 eliis
593 2286 779 2351 antecellere
799 2286 923 2369 uolunt,
935 2287 1099 2352 inferiores
1110 2287 1201 2355 fiunt.

84 2399 162 2463 Huc
183 2401 320 2484 pertinet
346 2400 374 2484 l,
399 2401 449 2483 91,
474 2402 492 2463 5
516 2398 625 2471 οὐδένας
651 2395 757 2479 ὕστερον
780 2398 883 2479 γνώμῃ
907 2403 1048 2480 φανῆναι.

130 2512 171 2577 Se
194 2518 319 2578 uertere
341 2510 492 2593 τρέπεσθαι
517 2533 614 2577 sensu
637 2515 762 2597 proprio
786 2513 903 2596 legitur
927 2515 955 2596 5,
980 2514 1031 2596 27,
1051 2515 1201 2597 2111111-

84 2627 149 2691 lato
182 2628 211 2710 1,
243 2628 293 2710 72,
325 2628 342 2690 1
373 2629 455 2692 inire
487 2629 572 2691 uiam
600 2628 640 2691 ad
670 2647 780 2712 pacem
805 2647 887 2711 quae
911 2628 1007 2710 ducit,
1032 2630 1060 2712 5,
1086 2630 1127 2692 88
1151 2627 1200 2693 ε’τὶ

85 2738 186 2803 πολλοὶ
215 2737 375 2823 τρέπεσθαι,
409 2741 472 2804 11110
507 2746 538 2804 et
571 2740 649 2805 111110
683 2760 717 2805 so
752 2759 889 2806 uersare.
920 2722 1202 2826 Legitur4,106,

86 2855 124 2918 2:
157 2852 254 2926 ἐπειδὴ
285 2852 337 2918 καὶ
367 2855 400 2919 τὸ
430 2855 538 2928 πλῆθος
562 2855 648 2935 ἑώρων
671 2854 879 2935 τετραμμένον.
905 2856 1081 2922 Scholiasta
1104 2860 1203 2922 inter·
1260 2918 1262 2922 ,

85 2974 244 3053 pretatur:
282 2967 548 3047 μεταβεβλημένον
586 2968 638 3042 τὴν
673 2970 792 3048 γνώμαν
828 2975 969 3035 mutasse
1003 2973 1202 3036 sententiam.

88 3082 149 3146 cfr.
185 3084 214 3167 8,
251 3084 301 3166 90,
338 3085 355 3145 l
395 3082 528 3162 ὁρῶντες.
543 3130 550 3146 .
565 3131 594 3146 ..
631 3082 697 3156 τοὺς
731 3082 884 3155 δοκοῦντας
918 3083 1048 3165 πρότερον
1081 3085 1202 3158 νεοττοὺς

86 3189 156 3259 εἶναι
180 3194 473 3273 μεταβαλλομένους,
498 3217 516 3260 a
540 3199 697 3262 sententia
721 3197 913 3262 discessisse.
937 3197 998 3261 Cfr.
1015 3198 1096 3265 Plat.
1109 3198 1203 3284 Gorg.

88 3310 153 3372 481
198 3309 224 3372 Ε
267 3308 325 3373 ἄνω
365 3308 416 3373 καὶ
451 3308 531 3374 κοίτα
567 3308 820 3388 ἀναβαλλομένου.
857 3311 983 3376 Passim
1013 3313 1130 3377 dicitur
1164 3313 1203 3378 de

88 3425 139 3506 iis,
171 3425 227 3508 qui
257 3443 333 3508 prae
363 3424 488 3488 consilii
518 3426 626 3508 inopia
654 3427 803 3490 nesciunt
834 3446 897 3509 quo
928 3445 963 3490 se
991 3433 1124 3492 uertant
1148 3427 1203 3491 Sic

89 3538 185 3601 otiam
224 3536 490 3615 μεταβαλλόμενος
524 3536 636 3617 λέγενςι
672 3545 793 3604 mutata
828 3542 984 3606 sententia
1019 3541 1106 3605 dicis.
1140 3541 1202 3605 Hic

87 3652 384 3716 commemorandus
408 3656 456 3716 est
479 3655 573 3717 etiam
596 3654 686 3718 locus
711 3655 740 3736 2,
764 3656 814 3731 53,
839 3655 867 3718 1.
892 3653 972 3718 Cum
994 3657 1030 3718 111
1049 3675 1085 3720 eo
1105 3659 1202 3720 estut

87 3767 163 3849 quis
183 3785 217 3830 se
238 3765 704 3847 11011111(11011111οὶγχ1οτροφοςς
718 3787 816 3851 quare
828 3765 1032 3849 ἀγχίστροφος
1045 3766 1200 3845 μεταβολή

87 3882 137 3942 est
160 3880 326 3962 repentina
348 3898 454 3944 rerum
480 3882 694 3945 commutatio.

132 3993 163 4056 A
194 3995 246 4058 uia
275 3996 415 4079 aliquem
447 3996 618 4090 deducere:
649 3993 828 4081 οξτοτρέτενν,
850 3998 1040 4062 translatum
1064 3999 1202 4063 occurrit

127 4352 154 4420 1)
171 4351 323 4414 εὐτορατοέτη
342 4355 410 4412 τέλος
427 4352 451 4416 2,
467 4353 508 4421 64,
525 4353 542 4405 4
559 4359 598 4406 est
614 4356 678 4407 urbs
694 4355 883 4410 florentissima.
