3038 4980
753 498 819 560 21

214 683 311 763 vorata,
335 684 528 771 reipublicae
556 690 641 751 recte
665 686 933 756 administrandae
954 692 1067 779 forma,
1092 709 1174 774 quae
1196 689 1329 776 pulchra

213 801 353 885 uidetur,
377 820 490 865 reuera
512 802 617 886 specie
640 805 764 867 tantum
786 805 903 869 existit.
924 805 1108 888 Mytilenaei
1125 807 1187 892 ipsi
1209 805 1326 889 optime

213 909 337 977 ὕπουλον
359 913 447 978 illam
469 913 645 992 αὐτονομίαν
668 917 924 1002 interpretantur.
949 920 1002 985 Sic
1024 921 1109 984 enim
1131 920 1326 1003 loquuntur:

212 1026 301 1104 ἡμεῖς
330 1025 481 1106 αὐτόνομοι
512 1026 546 1100 δὴ
577 1027 656 1102 ὄντες
687 1027 738 1093 uoci
761 1028 894 1112 ἐλεύθεροι
917 1032 956 1113 τῷ
980 1031 1144 1118 talpaol)
1172 1028 1327 1112 ξυνεττρττ·

211 1139 360 1221 asseras
393 1145 422 1227 3,
452 1143 504 1227 10,
535 1144 563 1207 6.
586 1142 658 1207 Η66
677 1164 742 1208 666
766 1145 836 1209 1666
859 1147 944 1230 apud
968 1146 1109 1229 Thucyd.
1132 1144 1325 1210 vocabulum

212 1258 357 1321 occurrit.
383 1255 442 1320 Ofr.
466 1256 557 1321 Plato
577 1256 671 1342 Gorg.
695 1259 760 1322 480
782 1258 821 1342 Β,
843 1258 936 1344 Soph.
962 1258 997 1323 0.
1017 1259 1049 1322 Τ.
1070 1259 1168 1343 1396,
1184 1257 1325 1324 Demost.

213 1373 264 1456 18,
289 1372 362 1455 307,
385 1371 470 1436 Plut.
493 1372 588 1457 Ages.
612 1373 663 1436 32.
688 1371 772 1437 Scite
794 1373 904 1459 Poppo
928 1393 1001 1438 cum
1025 1374 1112 1438 hisce
1129 1373 1325 1454 Thucydidis

210 1484 319 1550 uerbis
353 1489 515 1570 comparat
548 1504 630 1569 quae
662 1486 815 1570 leguntur
849 1487 934 1570 apud
965 1487 1116 1552 Senecam
1149 1485 1247 1571 Epist.
1281 1485 1323 1550 80

212 1600 346 1682 „horum
381 1601 439 1684 qui
467 1599 576 1664 felices
608 1605 765 1665 uocantur
794 1601 935 1666 hilaritas
958 1601 1032 1666 fieta
1055 1606 1112 1686 cst,
1136 1606 1192 1666 aut
1215 1603 1324 1686 grauis

209 1718 240 1779 et
264 1718 439 1798 suppurata
461 1712 619 1804 tristitia.”

254 1825 360 1904 Ῥώμη.
398 1827 454 1892 Uis
488 1830 599 1892 natiua
633 1828 732 1893 huius
766 1828 856 1892 uocis
891 1831 940 1892 661
970 1829 1110 1912 corporis
1140 1827 1245 1912 robur,
1270 1829 1323 1893 cui

209 1943 352 2026 opposita
394 1946 441 2007 est
474 1945 612 2026 corporis
649 1941 795 2007 debilitas
829 1940 978 2023 ἀρρωστίαι.
1013 1941 1160 2028 Corporis
1196 1943 1321 2008 uiribus

206 2056 326 2141 pollere
360 2060 408 2121 661
441 2054 598 2137 pervertar.
633 2054 704 2120 Hoc
734 2055 834 2120 uerbo
865 2058 968 2121 utitur
998 2056 1199 2139 Thucydides
1223 2076 1321 2122 sensu

205 2171 334 2257 proprio
359 2173 388 2254 7,
412 2171 462 2254 15,
487 2172 515 2233 2.
539 2168 625 2234 Dum
649 2171 733 2234 enim
759 2170 856 2254 ualui,
881 2171 957 2235 dicit
979 2170 1099 2256 Nicias,
1122 2167 1175 2234 aa}
1197 2169 1254 2252 γὰρ
1277 2169 1319 2235 ὅτ’

206 2285 342 2367 eppleno.
369 2284 571 2349 Transfertur
595 2287 625 2368 2,
649 2285 679 2369 8,
705 2285 722 2346 1
748 2285 822 2348 totis
844 2284 971 2350 uiribus
995 2286 1029 2349 in
1052 2284 1172 2350 bellum
1196 2287 1321 2349 incum-

205 2400 339 2466 bebant:
376 2398 447 2464 oill'
480 2396 593 2481 ἔρρωντο
624 2399 654 2471 ἐς
685 2397 733 2462 τὸν
762 2395 897 2475 πόλεμον.
933 2397 993 2463 Sic.
1017 2400 1047 2482 2,
1070 2400 1099 2480 8,
1122 2399 1143 2462 4
1166 2395 1265 2480 ἕρρωτό
1286 2422 1319 2463 τε

205 2519 267 2587 τοῖς
301 2511 354 2595 aad
387 2513 500 2587 ἰδιώτης
533 2510 585 2576 καὶ
616 2509 709 2586 πόλις,
742 2517 773 2578 et
804 2514 922 2598 singuli
954 2517 985 2578 et
1008 2515 1153 2579 ciuitates
1176 2515 1318 2599 integrae

204 2629 293 2693 omni
328 2647 383 2713 spe
412 2626 605 2693 nitebantur.
640 2623 858 2707 Ἐττρρωννύνριτ
889 2628 1015 2713 proprie
1045 2631 1093 2692 est
1116 2627 1318 2694 corroborare

203 2743 281 2808 inde
314 2743 456 2807 animum
490 2742 605 2806 600666
635 2741 689 2805 616.
720 2743 750 2824 3,
782 2741 810 2824 6,
843 2742 880 2823 1,
906 2741 935 2825 6,
960 2742 1071 2825 93,1;
1098 2743 1127 2826 8,
1150 2743 1201 2826 89,
1225 2742 1261 2824 1,
1288 2744 1318 2827 8,

206 2857 280 2941 106,
304 2857 331 2920 5.
355 2855 468 2921 Multis
490 2855 594 2920 modis
617 2855 807 2919 translatum
831 2859 879 2919 est
901 2855 1095 2920 uocabulum
1118 2854 1208 2940 ῥώμη,
1227 2857 1318 2922 66161

205 2973 235 3056 5,
267 2971 319 3055 14,
350 2971 367 3032 1
400 2969 457 3034 ubi
486 2971 592 3054 agitur
615 2970 654 3035 06
676 2970 772 3035 armis
796 2970 949 3053 uirisque.
973 2971 1005 3054 4,
1030 2971 1081 3054 18,
1105 2972 1124 3033 3
1150 2971 1189 3035 06
1211 2973 1316 3056 reipu-

202 3084 304 3149 blicae
334 3085 482 3168 potentia.
515 3084 544 3168 7,
567 3084 619 3168 63,
642 3087 663 3147 4
688 3082 872 3168 (opponitur
894 3081 1039 3168 61611666)
1063 3085 1101 3149 06
1123 3084 1242 3149 fiducia
1266 3086 1318 3150 sui

202 3197 257 3263 cfr.
281 3202 311 3282 4,
335 3199 388 3282 29,
411 3200 439 3261 2.
462 3196 511 3262 De
529 3199 608 3263 locis
632 3198 789 3282 ejusmodi
812 3201 850 3262 ut
872 3204 949 3263 sunt
971 3201 1001 3283 2,
1024 3199 1077 3284 43,
1097 3199 1115 3262 6
1137 3203 1168 3264 61
1190 3200 1218 3283 7,
1233 3201 1316 3284 75,4

202 3313 384 3397 disputatur
405 3313 489 3378 inter
510 3313 599 3378 61666
623 3313 740 3396 066166,
765 3316 872 3377 utrum
895 3314 1034 3398 corporis
1058 3333 1099 3377 an
1119 3314 1217 3377 animi
1229 3315 1315 3379 uires

202 3426 429 3512 significentur.
465 3427 495 3512 6,
527 3427 578 3511 85,
611 3427 628 3489 1
661 3429 767 3512 agitur
790 3427 829 3492 de
852 3427 1025 3491 amicorum
1049 3428 1188 3512 potentia
1210 3429 1315 3513 (oppo-

200 3545 326 3608 nuntur
350 3538 499 3626 ἀδύνατοι)
526 3541 555 3626 7,
580 3541 631 3624 18,
655 3542 674 3603 2
698 3543 782 3619 614,
804 3542 856 3624 29,
880 3542 899 3603 2
924 3541 963 3606 06
986 3541 1084 3605 animi
1107 3539 1228 3604 robore.

247 3652 406 3737 Ἀρρωττίττ
436 3674 478 3720 ex
500 3656 663 3719 communi
685 3655 853 3719 hominum
877 3674 974 3719 sensu
997 3656 1043 3719 sio
1066 3654 1256 3720 transfertur
1279 3659 1316 3720 ut

143 3787 148 3794 '
200 3771 287 3836 idem
318 3769 423 3834 ualeat
453 3773 549 3852 atque
579 3769 719 3834 taedium
744 3769 844 3853 3,15,
868 3765 1052 3850 261ρρωστ1ρι
1076 3769 1126 3831 τοῦ
1151 3765 1315 3849 στρατεύειν

137 3876 139 3881 ’
186 3886 332 3951 ‹militiae
364 3884 477 3967 taedi0,
506 3885 534 3967 7,
558 3883 611 3968 47,
635 3883 652 3945 1
677 3882 745 3963 πρὸς
767 3880 820 3954 τὴν
843 3882 1042 3962 capricornio
1064 3881 1105 3962 τῷ
1128 3880 1314 3963 στρκτρτεῖτρ

199 3996 282 4064 κατὰ
303 3998 405 4062 τάττω
427 3995 594 4079 ἀρρωστίαν,
619 3997 705 4081 quod
728 3999 802 4062 16116
821 3996 1039 4083 trepidabatur
1058 3998 1171 4062 castris
1184 4002 1216 4062 61
1228 3999 1315 4062 omni

203 4166 348 4178 ..---ι

233 4259 259 4328 1)
276 4259 360 4320 Quare
384 4261 451 4313 mihi
472 4260 661 4314 Herwerdenus
681 4259 806 4313 errauisse
824 4259 928 4313 uidetur
945 4259 1071 4312 uocabula
1089 4264 1123 4324 τῷ
1142 4259 1240 4322 ὀνόματι
1259 4273 1312 4312 66-

198 4352 265 4406 61616
280 4351 421 4408 includens.
