3038 4980
835 479 876 542 82

304 663 333 748 6,
356 664 386 752 8,
408 665 429 727 4
454 662 508 728 ubi
530 662 638 728 Nicias
661 664 874 730 Athenienses
899 664 939 728 ab
961 665 1087 748 incepto
1111 667 1254 728 auertere
1277 667 1425 728 cenatur.

306 782 335 863 3,
366 780 417 862 38,
445 779 463 840 2
487 776 520 842 τθ
542 775 683 856 εὐπρεπές
705 781 755 842 τοῦ
778 776 865 855 λθγον
889 777 1052 852 ἐκπονήσας
1076 774 1219 857 παριέγειν
1241 775 1425 861 πειροθσεται,

305 894 334 975 2,
369 892 420 976 65,
455 894 472 956 l
505 890 634 970 οῖπιθγειν
663 890 716 964 την
747 889 876 976 γνώμην,
909 893 937 975 1,
971 893 1021 975 91,
1053 894 1071 955 2
1104 889 1290 973 παροέγεσθαι
1313 891 1424 970 λθγοις.

304 1009 398 1073 Ualet
427 1008 493 1073 fere
521 1008 606 1072 idem
636 1007 695 1070 hec
726 1007 860 1071 uerbum
892 1012 987 1090 atque
1009 1003 1142 1073 νἰτατιῖν.
1167 1006 1227 1071 Ofr.
1253 1009 1282 1091 1,
1307 1010 1361 1092 34,
1385 1011 1423 1089 33

306 1123 334 1205 l,
365 1122 416 1204 91,
447 1123 485 1201 2;
516 1123 545 1203 2,
576 1120 628 1200 64,
661 1120 687 1182 l.
718 1119 792 1184 Non
823 1120 1092 1203 praetereundum
1114 1119 1146 1185 τθ
1168 1117 1283 1198 ε’ξοέγειν
1307 1117 1360 1184 ε’πὶ
1383 1120 1425 1185 τοὶ

303 1232 494 1314 πονηρότατα.
521 1234 551 1318 6,
574 1235 628 1316 89,
651 1235 680 1316 5,
703 1232 757 1297 cfr.
781 1235 811 1316 3,
834 1235 886 1317 45,
911 1236 941 1300 5.

348 1343 539 1422 Ἐξίστασθαι
559 1348 684 1430 proprie
703 1347 819 1410 dieitur
838 1347 877 1411 de
889 1366 934 1429 ee,
947 1349 1005 1430 qui
1017 1367 1036 1410 a
1048 1349 1102 1411 uia
1114 1347 1258 1413 deflectit.
1271 1347 1423 1432 Xenoph.

306 1449 405 1526 Gonu.
436 1464 466 1545 4,
497 1462 548 1524 31.
570 1459 650 1523 Tum
675 1459 713 1524 de
737 1479 782 1542 ee,
806 1461 862 1544 qui
886 1461 1017 1524 consilio
1041 1460 1172 1525 desistit.
1197 1463 1225 1544 2,
1250 1460 1302 1544 61,
1326 1463 1344 1524 2
1369 1457 1422 1524 καὶ

303 1576 361 1653 ἐγὼ
384 1574 438 1653 μὲν
460 1573 473 1637 ὁ
496 1571 583 1644 αὐτθς
606 1572 665 1651 εῖμι
689 1571 738 1637 καὶ
761 1573 812 1637 οὐκ
835 1568 1005 1651 ἐξίσταμαι,
1030 1575 1087 1639 ubi
1111 1580 1215 1639 mente
1238 1574 1422 1640 addendum

305 1695 358 1763 τῆς
383 1687 513 1766 γνώμης.
537 1687 619 1752 Uide
643 1706 725 1770 quae
748 1693 928 1771 sequuntur
953 1689 1035 1765 ὑμεῖς
1059 1684 1279 1766 μεταβάλλετε.
1307 1688 1369 1752 cfr.
1393 1691 1425 1772 4,

307 1805 359 1886 28,
390 1805 410 1865 3
441 1803 480 1866 de
510 1820 556 1884 ee,
584 1802 641 1884 qni
671 1801 857 1885 magistratu
880 1820 914 1866 se
937 1800 1069 1866 abdicat.
1091 1801 1176 1866 Fieri
1199 1803 1295 1866 etiam
1319 1807 1423 1886 petest

306 1924 342 1982 ut
373 1919 446 2000 quis
475 1916 547 1979 dele
579 1914 632 1979 uel
661 1914 773 1979 fraude
803 1935 822 1978 a
851 1919 937 1979 reeta
967 1916 1021 1978 uia
1050 1914 1235 1980 abducatur.
1257 1915 1339 1981 Inde
1362 1916 1423 1981 sibi

306 2031 442 2114 sumpsit
470 2030 642 2112 imaginem
664 2028 803 2109 Thucyd.
829 2029 856 2111 l,
880 2030 931 2111 34,
955 2030 974 2091 3
997 2029 1075 2093 haec
1097 2029 1255 2093 scribens:
1280 2026 1333 2093 καῖ
1355 2029 1423 2106 ὑμῖν

306 2141 379 2208 έστιι
402 2167 430 2206 τι
453 2140 603 2222 τεκμήριον
616 2189 623 2204 .
638 2188 645 2204 .
660 2189 689 2205 ..
715 2138 788 2204 οῖστε
806 2138 911 2222 οῖποθτη
930 2165 963 2205 τε
982 2140 1024 2220 μη
1044 2143 1226 2223 παράγεσθαι
1246 2142 1296 2206 ὑπ’
1317 2144 1421 2216 αὐτῶν,

308 2256 450 2336 δεομένοις
470 2281 504 2321 τε
525 2258 558 2321 ἐκ
580 2261 631 2321 τοῦ
654 2255 744 2328 εὐθέος
768 2255 811 2334 μέν
834 2256 991 2337 ὑπουργεῖν,
1015 2277 1056 2323 ne
1078 2264 1134 2321 aut
1155 2258 1267 2323 fraude
1290 2257 1329 2323 ab
1342 2260 1421 2343 ipsis

307 2374 483 2438 transuersi
504 2373 643 2456 agamini
653 2376 655 2380 ’
664 2377 720 2436 aut
730 2371 916 2454 rogantibus
928 2373 1066 2455 ingenue
1079 2391 1198 2436 merem
1209 2374 1338 2456 geratis.
1351 2373 1421 2437 Hoc

305 2488 376 2552 loce
398 2489 482 2551 inter
504 2505 538 2550 se
560 2487 704 2569 opposita
727 2491 804 2549 sunt
824 2481 927 2565 οῖποῖτη
951 2482 1136 2564 παρθγεσθαι
1159 2491 1190 2550 et
1211 2485 1244 2548 ἐκ
1267 2489 1319 2550 τοῦ
1330 2484 1420 2557 εὐθέος

306 2598 455 2678 δεομένοις.
477 2600 599 2664 Eodem
621 2600 687 2664 fere
710 2598 804 2663 mode
825 2602 854 2682 3,
872 2601 925 2682 43,
945 2602 963 2663 2
983 2598 1024 2663 τοὶ
1034 2599 1094 2663 ιῖπθ
1106 2603 1157 2664 τοῦ
1169 2598 1261 2672 εὐθέος
1272 2599 1421 2679 λεγθμσνα

306 2720 338 2779 et
358 2711 461 2794 οῖποθτη
486 2711 683 2795 προσάγεσθαι
706 2716 790 2778 inter
810 2733 879 2778 sese
902 2720 1114 2798 opponuntur.

350 2828 584 2913 Saepenumero
626 2828 735 2923 alique
773 2828 897 2892 itineris
932 2828 1012 2892 duce
1046 2829 1177 2893 utimur.
1212 2828 1313 2912 Saepe
1346 2830 1421 2894 inde

306 2949 434 3028 sumpta
463 2944 578 3026 image.
610 2943 640 3025 4,
665 2942 716 3024 18,
739 2943 760 3004 4
784 2941 820 3013 ὡς
844 2939 880 3003 θον
903 2937 934 3004 αἱ
956 2939 1047 3019 τύχαι
1071 2941 1165 3004 αὐτῶν
1189 2940 1368 3020 ἡγήσωνται.
1393 2945 1421 3026 5,

307 3058 395 3139 71,1
420 3053 570 3134 ἐξηγεῖται
594 3060 646 3128 τῆς
669 3052 774 3125 αἰτίας.
799 3053 949 3119 Lucidior
972 3057 1066 3120 etiam
1090 3062 1138 3120 est
1156 3057 1262 3140 image
1276 3059 1305 3140 3,
1317 3058 1371 3141 45,
1384 3059 1419 3120 5:

307 3166 464 3247 ἡγούμενος
487 3168 500 3231 θ
523 3171 598 3248 ἔρως,
621 3168 638 3240 η
664 3166 691 3231 δ’
715 3164 802 3240 ε’λπῖς
825 3164 1004 3248 ἐφεπομένη.

352 3284 451 3367 Saepe
473 3284 568 3346 home
590 3284 624 3345 in
648 3283 702 3345 uia
724 3282 820 3346 anxie
843 3283 1059 3366 circumspicit
1082 3301 1123 3346 ne
1146 3283 1225 3366 qnid
1247 3285 1420 3349 immineat.

309 3397 420 3462 Graeci
450 3397 561 3461 dicunt
591 3397 727 3475 περιοροῖν,
760 3397 846 3480 qued
879 3396 1014 3461 uerbum
1046 3416 1139 3480 saepe
1168 3397 1367 3462 transfertur.
1392 3399 1420 3481 6,

310 3514 360 3596 93,
392 3513 428 3592 1;
461 3511 490 3593 6,
522 3512 594 3593 103,
618 3512 655 3591 2;
682 3511 710 3593 7,
734 3512 785 3593 33,
809 3512 846 3590 2;
873 3514 901 3594 5,
925 3511 976 3593 31,
1001 3510 1031 3576 6.
1056 3508 1160 3586 Quare
1182 3531 1248 3575 nen
1270 3513 1420 3598 intellege

308 3626 387 3711 quid
421 3627 462 3690 sit
495 3625 582 3709 qued
615 3623 852 3688 Herwerdenus
886 3623 1049 3688 Badhame
1084 3630 1222 3708 auctore,
1256 3627 1287 3710 2,
1319 3627 1372 3710 43,
1401 3628 1421 3688 4

307 3739 485 3818 περιορασθαι
516 3736 684 3802 emendare
708 3738 749 3801 sit
772 3743 913 3804 conatus.
939 3735 1031 3813 Quod
1056 3739 1140 3802 enim
1164 3737 1344 3821 Thucydidi
1366 3740 1419 3804 eb·

306 3852 642 3933 110111101παροροῖσθαι
665 3853 761 3936 lenge
785 3853 847 3916 alie
872 3858 999 3937 spectat.
1023 3853 1142 3938 Agitur
1164 3854 1250 3918 enim
1276 3855 1315 3918 de
1338 3856 1420 3919 timi·
1450 3887 1453 3893 ·

307 3967 442 4035 dienen
464 3985 541 4030 uero
566 3964 605 4030 de
627 3965 878 4049 neglegentibus.
899 3966 952 4029 Ad
975 3968 1118 4030 animum
1137 3966 1250 4031 fortem
1272 4005 1313 4015 -
1334 3967 1420 4033 Peri·

306 4080 370 4144 cles
399 4079 504 4162 inquit
536 4115 576 4124 —
608 4080 715 4143 emnia
744 4080 778 4142 in
809 4081 877 4143 uita
908 4098 1033 4143 summa
1059 4085 1136 4144 sunt
1158 4082 1347 4146 reuocanda.
1370 4081 1420 4147 Sic

308 4195 405 4278 igitur
435 4195 463 4258 ei
494 4199 542 4258 est
570 4194 783 4278 pergendum:
812 4194 910 4258 nelite
934 4195 1046 4258 timere
1067 4195 1191 4277 hostes;
1216 4197 1359 4280 pericula
1380 4195 1418 4261 ab

309 4309 399 4374 hoste
431 4308 630 4372 imminentia
660 4309 758 4374 nolite
775 4309 970 4374 'detrectare
1002 4306 1160 4373 Ceterum
1180 4309 1293 4376 ultima
1321 4311 1417 4376 huius
