3038 4980
441 1533 924 1623 INTRODUCTIO.

586 1818 779 1854 -4—

167 2073 216 2139 De
238 2074 423 2156 Thucydide
447 2076 540 2140 multi
558 2076 621 2140 iam
641 2077 743 2141 multa
761 2079 972 2162 scripserunt3
987 2096 1121 2142 numero
1134 2096 1234 2162 paene

123 2195 210 2253 caret
240 2209 355 2273 magna
385 2189 440 2252 illa
469 2191 559 2274 copia
581 2190 736 2255 librorum
760 2191 1015 2274 libellorumque,
1039 2190 1157 2274 quibus
1180 2195 1237 2254 aut

123 2301 254 2366 artificis
287 2321 377 2386 opus,
399 2307 455 2365 aut
477 2321 528 2366 res
551 2303 590 2367 de
607 2324 676 2390 Aqua
699 2306 824 2388 scripsit
845 2310 901 2368 aut
923 2306 991 2388 ipse
1014 2309 1125 2368 auctor
1147 2323 1236 2388 prae-

122 2414 193 2478 buit
216 2419 450 2498 argumentum.
475 2452 516 2462 —
539 2415 609 2480 Hoc
633 2422 738 2480 tamen
758 2417 862 2481 dicere
881 2436 974 2481 nemo
993 2402 1109 2501 poterit
1128 2418 1235 2480 omnia

122 2529 187 2591 iam
218 2547 289 2592 esse
316 2534 508 2613 perpurgata
539 2535 575 2594 ut
601 2530 681 2593 nihil
704 2531 903 2595 tractandum
926 2533 967 2595 sit
990 2532 1159 2614 reliquum.
1184 2529 1237 2594 Sic

122 2662 218 2706 nemo
242 2663 394 2727 unquam,
414 2644 500 2727 quod
524 2647 631 2728 sciam,
650 2647 714 2729 egit
733 2646 772 2711 de
783 2645 1044 2710 translationibus
1058 2663 1140 2728 quae
1152 2644 1236 2729 apud

123 2777 197 2822 eum
220 2759 439 2821 inveniuntur.
790 2761 793 2768 '

166 2871 308 2936 Steinius
320 2875 342 2953 1)
367 2872 496 2955 quidem
519 2874 646 2957 scripsit
669 2873 708 2936 de
725 2872 902 2957 figurarum
921 2873 1006 2957 apud
1017 2872 1234 2954 Thucydidem

122 2972 195 3049 usu.
217 2986 263 3049 At
285 2990 360 3049 sunt
374 2986 438 3049 illa
457 2986 580 3050 lumina
603 2988 754 3050 orationis
774 2992 805 3050 et
825 2988 1053 3051 sententiarum
1073 3007 1137 3050 non
1158 3005 1235 3050 uero

123 3099 325 3183 singulorum
355 3099 536 3163 verborum.
567 3099 648 3163 Cum
674 3105 781 3164 autem
804 3101 921 3164 multas
945 3100 984 3164 ob
1009 3120 1130 3183 causas,
1154 3120 1235 3184 quas

122 3232 200 3276 mox
235 3212 425 3296 uidebimus,
459 3215 519 3277 hac
555 3214 595 3278 de
628 3233 662 3278 re
693 3214 848 3297 quaedam
880 3215 1043 3299 disputare
1066 3220 1096 3279 et
1119 3216 1235 3278 hocin

122 3346 238 3410 genere
281 3328 398 3391 summi
440 3329 503 3390 uiri
537 3347 617 3412 opus
651 3329 847 3412 praeclarum
882 3330 1012 3413 propius
1047 3347 1237 3413 cognoscere

123 3459 237 3524 operae
267 3443 405 3524 pretium
433 3441 511 3504 mihi
534 3443 643 3506 uisum
667 3445 717 3525 sit,
739 3444 820 3506 hano
844 3445 1007 3506 materiam
1031 3442 1138 3506 libello
1162 3461 1237 3506 con·

123 3554 291 3618 scribendo
323 3555 444 3619 subieci
475 3561 506 3619 et
534 3560 571 3620 ut
594 3559 650 3640 qui
673 3557 916 3641 diligentissime
939 3578 1011 3621 sum
1035 3562 1237 3621 tractaturus.

168 3667 212 3731 Ut
235 3673 341 3732 autem
364 3668 467 3732 dicam
491 3670 675 3753 metaphora
698 3670 776 3753 quid
799 3672 928 3735 sitnon
951 3671 1061 3735 multis
1086 3689 1166 3754 opus
1189 3673 1237 3734 est

123 3780 240 3864 uerbis,
274 3779 304 3844 τί
336 3780 392 3862 γὰρ
428 3780 464 3845 ἄν
496 3805 540 3855 τις
570 3785 631 3846 πᾶν
661 3783 693 3846 τὸ
725 3783 784 3847 ἐνὸν
815 3781 941 3871 ἐκλέγων
964 3785 993 3847 ἐν
1016 3780 1100 3847 εἰδόσι
1124 3805 1237 3864 μακρη-

123 3894 233 3975 γοροίη;
263 3933 299 3942 -
325 3916 423 3979 quare
446 3916 528 3980 quae
552 3897 660 3961 docuit
683 3895 902 3973 Quintilianus
925 3898 1069 3962 attulisse
1092 3903 1140 3962 sat
1160 3899 1236 3962 erit:
1270 3937 1272 3943 ·

124 4064 269 4072 ———-

156 4155 181 4220 l)
198 4157 241 4210 Dr.
267 4157 410 4207 Ferdinand
437 4157 521 4208 Stein:
548 4158 579 4207 de
605 4156 750 4223 figurarum
773 4158 842 4222 apud
864 4157 1038 4223 Thucydidem
1063 4171 1121 4208 usu.
1139 4156 1238 4222 Beilage

124 4263 183 4298 zum
208 4249 359 4315 Programm
385 4250 428 4300 des
451 4249 618 4316 Koniglichen
636 4249 1109 4317 Friedrichwilhelme-Gymnasium
1128 4264 1160 4300 zu
1177 4247 1240 4300 coln

123 4339 197 4392 1881.

1121 4436 1133 4485 l
