3098 4980
743 463 805 525 128

256 653 364 737 Eurip.
388 651 469 716 Med.
494 652 551 715 93:

760 746 821 814 οὐδὲ
843 746 991 813 παύσεται

410 864 511 945 χόλου,
534 861 611 945 τάφ’
636 858 711 936 οἶδα,
736 862 801 943 πρὶν
823 862 1020 941 κατατκῆψαί
1040 884 1114 925 τινα.

257 1014 382 1101 Hippol.
412 1018 513 1080 1418:

411 1163 493 1244 ὀργαὶ
516 1165 757 1244 κατατκήψουοιν
779 1165 818 1236 εἰς
841 1165 873 1229 τὸ
897 1165 946 1229 τὸν
969 1164 1073 1241 δέμας.

259 1324 311 1388 Sic
343 1325 485 1408 Thucyd.
517 1329 545 1410 2,
576 1329 628 1409 49,
658 1329 678 1390 8
702 1328 872 1409 transtulit,
893 1325 1079 1399 κατέτκηπτε
1101 1324 1158 1406 γοὶρ
1180 1327 1209 1397 ἐς
1231 1323 1325 1405 ἄκρας

216 1444 320 1518 χεῖρας
353 1435 401 1502 καὶ
435 1438 535 1511 robur.
573 1440 704 1505 Morbus
741 1443 773 1505 in
809 1460 950 1505 summas
980 1460 1096 1506 manus
1119 1458 1328 1522 summosque

213 1552 308 1636 pedes
336 1552 548 1619 incumbebat.
580 1554 623 1618 Ut
646 1554 789 1618 fulminis
813 1556 897 1639 ignis
920 1553 1077 1619 confector
1101 1556 1255 1636 omnium,
1280 1554 1326 1617 sio

211 1665 341 1730 morbus
364 1667 426 1748 illo,
451 1686 677 1751 quamcunque
700 1669 837 1752 eorporis
861 1673 980 1752 partem
1006 1669 1189 1753 arripuerat,
1210 1686 1326 1731 eonsu-

213 1779 324 1845 mebat.
350 1781 378 1862 2,
402 1782 453 1863 47,
474 1783 492 1843 3
513 1782 622 1846 eodem
644 1801 741 1846 seusu
762 1784 898 1846 occurrit
912 1781 1048 1848 uerbum
1059 1778 1326 1863 ἐγκατασκιίπτειν,

215 1893 300 1977 quod
331 1894 413 1958 idem
446 1895 483 1959 de
514 1897 633 1960 morbo.
658 1894 854 1980 Cogitatione
878 1895 937 1960 sibi
960 1894 1055 1959 finxit
1078 1895 1224 1958 morbum
1249 1898 1327 1957 tam·

216 2027 312 2090 quam
334 2007 455 2072 fulmen
480 2014 605 2092 repente
628 2028 664 2072 ao
687 2009 891 2074 uehementer
914 2011 1031 2088 emitti3
1056 2008 1109 2072 ofr.
1134 2009 1162 2070 2.
1187 2008 1238 2089 48,
1267 2008 1328 2079 1ε’ς

216 2119 247 2184 δὲ
269 2121 321 2193 την
344 2121 502 2194 Ἀθηναίων
526 2123 607 2186 πόλιν
630 2119 801 2196 ἐξαπιναίως
824 2122 950 2186 ἕπε’πετε.
971 2122 1032 2186 cfr.
1053 2122 1148 2207 Soph.
1169 2121 1243 2187 Oed.
1256 2120 1327 2203 Tyr.

217 2235 257 2296 27
282 2235 310 2297 ἐν
334 2234 360 2298 δ’
380 2235 393 2297 ὁ
413 2233 553 2316 πυρφόρος
565 2237 623 2306 θεὸς
636 2235 755 2315 οκηψας
767 2233 889 2319 ἐλαύνει,
902 2236 1000 2312 λοιμὸς
1013 2234 1156 2318 ἔχθιστος,
1168 2233 1250 2298 πόλιν
1262 2282 1269 2296 .
1280 2281 1287 2296 .
1300 2282 1306 2296 .
1321 2283 1328 2297 .

262 2348 337 2413 Huc
366 2350 440 2415 facit
470 2352 562 2415 etiam
596 2352 624 2432 l,
654 2350 695 2412 66
726 2351 757 2413 οὐ
789 2348 885 2426 μέντοι
916 2347 988 2427 ὅγε
1013 2347 1141 2426 πόλεμός
1164 2372 1208 2412 πυ
1232 2345 1330 2427 ξυνερ-

217 2462 323 2543 ρώγειν.
349 2463 499 2528 Nondum
522 2464 641 2528 bellum
666 2469 819 2548 eruperat.
842 2462 900 2528 Est
923 2469 1000 2548 puto
1025 2465 1160 2528 uerbum
1184 2464 1329 2546 exquisi-

216 2578 291 2654 tius,
316 2579 400 2661 quod
423 2579 507 2663 apud
531 2579 653 2642 Atticos
676 2579 735 2642 hoo
755 2598 819 2642 uno
832 2579 900 2641 loeo
913 2580 1067 2658 occurrit,
1082 2579 1209 2662 saepius
1221 2582 1329 2643 tamen

219 2694 275 2776 qui
305 2696 405 2756 aetate
436 2696 512 2756 sunt
541 2693 736 2776 posteriores,
759 2693 935 2776 AppianuS,
960 2690 1088 2755 Cassius
1111 2689 1172 2755 Dio
1197 2696 1227 2756 et
1250 2690 1332 2755 Plu·

216 2806 344 2870 tarohus
379 2810 454 2869 suut
489 2807 548 2870 usi.
578 2804 697 2890 Operae
728 2807 884 2890 praetium
917 2810 965 2869 est
996 2825 1069 2870 oum
1100 2803 1207 2869 uerbis
1231 2825 1329 2889 supra

216 2918 323 2983 relatis
354 2919 494 2984 conferre
524 2938 569 3001 ea,
600 2939 681 3003 quae
709 2921 919 2984 inueniuntur
943 2919 1102 3002 Aristopb.
1127 2917 1233 3001 Equit.
1261 2918 1326 2981 644

217 3028 250 3104 ἐξ
284 3026 314 3095 οὗ
343 3030 400 3112 γοὶρ
430 3031 501 3108 ἡμῖν
531 3032 544 3094 ὁ
568 3033 696 3109 πόλεμος
719 3029 891 3112 κατερράγη.
915 3031 976 3096 His
1000 3052 1079 3097 usus
1102 3031 1209 3097 uerbis
1232 3032 1329 3095 botu-

217 3146 316 3210 larius
340 3147 378 3210 de
402 3147 508 3212 eodem
534 3147 572 3212 de
596 3167 659 3230 quo
684 3146 884 3228 Thucydides
904 3147 1046 3230 loquitur
1065 3146 1155 3210 bello.
1168 3144 1329 3210 Sioetiam

221 3258 439 3345 Dicaeopolis:
471 3261 621 3324 κάντεῦθεν
646 3260 725 3341 αρχίι
748 3264 798 3324 τοῦ
820 3259 949 3336 πολέμου
972 3258 1143 3340 κατερροίγη.
1168 3258 1228 3323 Ofr.
1252 3258 1330 3323 Luc.

223 3375 325 3441 Uerae
346 3376 506 3441 Historiae
529 3378 558 3458 2,
578 3378 618 3439 35
642 3374 761 3456 βροντῆς
785 3373 922 3452 μεγοίλης
946 3371 1175 3454 καταρραγείσης
1188 3375 1218 3455 ¹).

266 3492 344 3555 Arte
364 3492 530 3555 cohaerent
553 3510 634 3574 quae
659 3491 687 3573 8,
711 3490 765 3573 96,
786 3492 804 3552 2
827 3490 994 3574 leguntur:
1015 3485 1073 3552 Καὶ
1086 3486 1193 3562 ἄδηλον
1204 3485 1233 3551 ὃν
1245 3485 1331 3551 ὁπότε

219 3601 319 3683 σφίσιν
352 3603 452 3675 αὐτοῖς
483 3598 655 3682 ξυρράξουσι.
687 3602 728 3667 nt
757 3605 914 3667 incertum
945 3607 1010 3667 erat
1040 3602 1167 3686 quando
1190 3603 1275 3666 inter
1297 3620 1331 3666 se

219 3718 405 3782 concursuri
427 3721 540 3782 essent.
563 3715 606 3780 Ut
629 3716 714 3781 enim
733 3717 870 3780 nubium
890 3714 1039 3780 conflictu
1051 3716 1144 3780 ardor
1156 3734 1327 3800 expressus

218 3848 252 3893 se
287 3830 410 3912 emittit,
445 3866 486 3875 -
522 3830 567 3893 sic
598 3829 683 3894 euim
713 3829 835 3912 antiqui
858 3847 924 3893 rem
949 3827 1009 3893 eibi
1032 3827 1194 3914 fingebant
1218 3866 1259 3875 -
1283 3832 1329 3893 ita

217 3943 252 4006 in
275 3944 402 4010 ciuitate
424 3943 494 4007 aliis
517 3943 587 4008 aliis
610 3944 753 4028 partibus
775 3942 959 4007 fauentibus
983 3962 1056 4008 oum
1077 3945 1327 4008 interseseeou·

257 4211 282 4279 1)
298 4213 348 4264 cfr.
370 4213 439 4264 Plut.
455 4212 521 4265 Tim.
538 4211 649 4279 ἐξαίφνης
665 4213 712 4263 ἀπὸ
729 4218 775 4263 τῶν
792 4214 844 4275 ὀρῶν
861 4214 959 4276 βρονταί
971 4230 999 4262 τε
1016 4213 1116 4277 φοβεραὶ
1131 4214 1331 4277 κατερρήγνυντο,

224 4305 263 4354 καὶ
281 4302 390 4365 πυρώδεις
406 4305 528 4366 οἱπτραπαῖ
544 4304 710 4370 συνεξέπιπτον
