3038 4980
837 496 899 561 110

304 684 387 747 sitne
413 702 431 747 e
461 683 615 767 palaestra
638 686 766 767 sumpta
792 682 973 747 translatio!
1000 680 1093 757 Quod
1114 684 1221 767 ipsum
1243 681 1422 746 ἀντιπίπτειν

303 798 415 861 attinet
448 834 489 844 -
518 816 581 881 quo
605 796 716 861 eodem
738 815 836 860 sensu
860 796 945 880 apud
968 795 1046 860 alios
1069 799 1207 860 occurrit
1229 797 1342 861 κεῖσθαι
1367 796 1422 859 cfr.

303 911 462 994 Aristoph.
486 908 570 974 Nub.
597 910 659 972 126
685 947 726 957 —
751 909 790 973 ad
813 909 1002 993 palaestram
1024 929 1094 975 esse
1114 909 1316 976 referendum
1328 911 1423 976 lucu·

306 1023 407 1089 lenter
437 1024 575 1090 ostendit
595 1023 705 1108 Eurip.
728 1022 838 1107 fragm.
864 1025 914 1085 22.

347 1137 446 1202 Aliud
487 1137 681 1202 uocabulum
716 1157 757 1202 ex
791 1137 946 1222 palaestra
980 1137 1186 1222 desumptum
1221 1142 1269 1202 est
1303 1137 1423 1203 ἀκονιτί.

305 1250 427 1336 Nempe
450 1251 594 1317 solebant
616 1253 655 1315 ad
680 1252 866 1316 luctandum
891 1252 1062 1334 congressi,
1083 1270 1146 1335 qno
1158 1251 1285 1316 facilius
1297 1253 1425 1316 inuncti

310 1366 649 1450 comprehenderentur
683 1369 739 1429 aut
773 1385 837 1449 quo
871 1367 980 1430 minus
1014 1363 1213 1431 elaberentur
1248 1371 1363 1430 mutuo
1391 1385 1425 1431 se

310 1480 443 1563 puluere
477 1484 508 1544 et
541 1498 635 1545 arena
665 1497 838 1563 aspergere.
870 1477 930 1542 cfr.
953 1478 1025 1544 Sen.
1048 1478 1149 1563 Epist.
1173 1479 1215 1542 88
1239 1477 1425 1544 Luctatores

307 1599 338 1658 et
371 1598 469 1658 totam
503 1594 571 1658 oleo
607 1597 638 1658 et
666 1592 735 1657 luto
758 1597 955 1657 constantem
980 1593 1145 1656 scientiam
1168 1592 1303 1677 expello.
1328 1593 1423 1658 Unde

306 1709 362 1791 qui
385 1726 451 1770 non
473 1706 688 1770 decertauerat
711 1705 875 1771 dicebatur
895 1703 1006 1769 ἀκονιτί
1024 1705 1211 1789 decertasse,
1224 1725 1290 1769 non
1311 1707 1421 1770 minus

307 1839 404 1902 quam
437 1821 474 1903 is,
509 1824 618 1883 contra
652 1839 749 1904 quem
783 1838 876 1885 nemo
911 1820 1081 1903 procedere
1117 1820 1257 1885 auderet.
1291 1819 1424 1905 Tropice

310 1937 416 1997 autem
439 1933 523 1996 idem
547 1933 632 1997 ualet
654 1933 731 1998 haec
753 1952 820 1996 uox
843 1952 879 1996 ao
901 1935 971 1997 sine
994 1936 1173 1998 certamine.
1197 1933 1260 1999 Sic.
1280 1936 1310 2017 4,
1332 1934 1383 2016 73,
1405 1936 1423 1997 3

310 2044 362 2110 κοιὶ
392 2043 483 2126 ὥσπερ
513 2044 622 2110 ἀκονιτὶ
652 2045 705 2119 σὺν
735 2045 812 2120 νίκην
843 2046 957 2120 δικαίοις
979 2046 1170 2126 ἀνατίθεσθαι,
1195 2068 1292 2133 quem
1315 2049 1424 2113 locum

311 2160 519 2245 deprauatum
540 2160 775 2226 Herwerdenus
800 2164 938 2227 correxit
960 2167 997 2227 ut
1019 2165 1130 2247 potuit.
1152 2162 1212 2227 cfr.
1232 2162 1317 2227 Xen.
1330 2165 1427 2248 Ages.

315 2274 344 2358 6,
369 2276 405 2356 33
429 2275 541 2340 Aesch.
565 2276 594 2358 1,
618 2276 660 2339 64
683 2280 714 2340 et
735 2274 812 2339 Hor.
834 2275 933 2360 Epist.
957 2278 984 2359 l,
1010 2278 1038 2360 1,
1061 2278 1100 2340 51
1126 2279 1179 2342 cui
1202 2296 1283 2361 spes,
1307 2278 1361 2342 oui
1385 2279 1425 2342 sit

312 2389 450 2453 conditio
474 2389 577 2453 dulcis
600 2391 669 2454 sine
692 2388 826 2473 puluere
847 2390 977 2474 palmae.
1000 2389 1059 2454 Est
1080 2392 1179 2474 igitur
1197 2392 1333 2455 uictoria
1353 2392 1425 2455 sine

312 2501 445 2585 puluere
479 2506 509 2566 et
541 2501 656 2567 labore.
690 2502 762 2587 lpse
797 2522 924 2587 quoque
957 2502 1158 2584 Thucydides
1191 2505 1420 2587 interpretatur

312 2613 439 2695 σἰμκχεί.
474 2616 597 2681 Uocula
629 2612 721 2696 ὥσπερ
756 2618 995 2685 translationem
1023 2617 1150 2700 indicat,
1182 2617 1268 2702 quod
1290 2637 1362 2681 raro
1386 2616 1425 2680 fit

272 2739 277 2749 '
311 2731 396 2814 apud
417 2729 642 2811 Thucydidem.
666 2728 754 2795 Dem.
779 2730 818 2794 de
841 2729 913 2794 Cor.
934 2731 986 2813 29,
1011 2732 1029 2793 5
1052 2733 1151 2794 τιιῦτοι
1172 2735 1285 2809 προεῖτο
1307 2728 1425 2793 ἀκονιτί.

311 2841 500 2928 Oppositum
523 2844 671 2909 uidemus
700 2844 785 2928 apud
815 2843 1001 2928 Sophoclem
1023 2844 1131 2909 Trach.
1156 2845 1219 2908 505
1243 2843 1424 2922 πιιγκόιιτκ.

354 2957 393 3020 In
427 2956 651 3022 certaminibus
680 2959 820 3041 praemia
848 2959 897 3041 iis,
921 2960 976 3042 qui
1006 2960 1156 3023 uicerunt
1179 2963 1424 3042 proponuntur:

310 3072 339 3135 ἐν
369 3068 449 3150 μέσῳ
478 3077 570 3134 κεῐτσσι
593 3069 633 3132 τοι
656 3064 741 3135 altha
766 3070 826 3135 cfr.
849 3072 922 3136 Sall.
947 3070 1012 3136 (lat.
1036 3072 1077 3135 20
1101 3072 1231 3137 fortuna
1256 3073 1363 3137 omnia
1388 3091 1424 3137 ea

314 3185 491 3250 uictoribus
524 3186 664 3268 praemia
696 3186 818 3269 posuit;
854 3187 899 3250 sic
933 3185 1051 3269 passim
1085 3186 1169 3270 apud
1198 3187 1286 3253 alios.
1320 3185 1424 3250 Sensu

315 3299 442 3382 proprio
465 3297 550 3382 apud
571 3298 789 3379 Thucydidem
814 3300 842 3381 l,
866 3298 895 3381 6,
919 3298 938 3360 5
958 3294 1061 3361 'Atha
1079 3298 1136 3379 γὰρ
1155 3292 1194 3370 οἷς
1213 3304 1309 3363 κεῖτιιι
1322 3299 1425 3380 ἀρετῆς

315 3410 456 3490 μέγιστοι,
487 3418 548 3484 τοῖς
579 3410 610 3475 δὲ
639 3409 688 3476 nal
718 3408 816 3492 ἄνδρες
847 3408 952 3492 ἄριστοι
983 3411 1184 3476 πολιτεύουσιν.
1206 3412 1261 3481 Sic
1284 3412 1424 3479 Pericles

313 3528 349 3590 in
370 3525 434 3591 fine
456 3525 587 3591 celebris
609 3526 696 3592 illius
719 3527 869 3591 orationis
892 3526 1035 3592 funebris
1060 3529 1088 3610 2,
1111 3527 1170 3591 46:
1194 3529 1335 3611 praemia
1359 3530 1425 3593 uir·

311 3641 390 3704 tutis
420 3639 478 3704 ubi
506 3640 647 3704 maxima
668 3641 828 3724 proposita
851 3645 935 3724 sunt,
957 3641 1003 3705 ibi
1025 3643 1121 3706 etiam
1143 3642 1254 3725 optimi
1276 3644 1342 3706 uiri
1364 3643 1426 3708 rei·

310 3751 456 3836 publicae
489 3770 616 3836 operam
651 3751 779 3817 dabunt.
814 3754 844 3836 3,
878 3754 929 3836 82,
959 3755 979 3817 8
1011 3752 1050 3817 Οἱ
1078 3752 1136 3834 yda
1166 3754 1196 3817 ἐι
1225 3753 1422 3826 retardarer

310 3863 485 3945 προστάντες
508 3864 575 3942 μετ’
599 3862 740 3941 ὁνόριιιτος
763 3863 886 3946 ἓκιὶτεροι
909 3867 1074 3950 εὐπρεποῦς,
1093 3867 1422 3946 πλήθουςτεῖσοιομίιις

309 3984 458 4050 πολιτικῆς
492 3975 542 4040 κκὶ
576 3976 795 4058 ἀριστοκρατίας
830 3978 973 4060 σώφρονος
1003 3978 1171 4061 προτιμήσει
1201 3978 1241 4043 τοὶ
1265 3980 1321 4058 μὲν
1344 3980 1423 4046 κοινοὶ

310 4091 388 4173 λόγῳ
411 4090 609 4173 θερκπεύοιτες
632 4084 710 4157 eldaa
732 4093 875 4157 ε’ποιοῦιτο
898 4118 926 4160 κ.
939 4117 965 4157 τ.
980 4108 1007 4157 λ.
1031 4094 1168 4179 Egregie
1191 4095 1330 4160 duarum
1353 4117 1423 4181 par·

312 4208 395 4272 tium
413 4209 447 4270 in
466 4207 627 4291 republica
644 4207 795 4273 factiones
817 4207 1017 4289 Thucydides
1028 4214 1187 4293 comparat
1198 4229 1274 4274 cum
1286 4210 1422 4293 athletis,

316 4322 373 4406 qui
395 4320 428 4384 id
450 4341 552 4386 unum
575 4325 674 4405 agunt
695 4323 845 4386 uictoriae
867 4322 972 4406 palma
994 4323 1055 4387 sibi
1078 4327 1114 4387 ut
1134 4323 1329 4390 decernatur.
1348 4323 1419 4390 Rei·
