3038 4980
825 485 865 547 96

288 671 348 733 581
380 671 410 734 Α
436 670 619 752 ἰσορροποῦντι
643 670 674 735 δὲ
697 668 778 752 βοίρει
801 671 1005 752 προστιθεμένη
1029 672 1116 736 κλίνει
1139 671 1171 736 πθ
1194 669 1321 749 σθμπαν
1345 672 1397 752 ἐφ’

284 780 399 856 ἑαυτήν.
433 782 577 849 Uerbum
611 784 806 857 προστίθεσθαι
837 787 883 849 sio
914 785 1102 850 translatum
1135 787 1273 849 occurrit
1306 804 1402 870 saepe

287 893 343 959 ubi
365 899 470 982 agitur
493 898 533 962 de
556 898 715 983 suffragiis
741 900 768 982 1,
792 900 844 984 20,
869 903 908 980 43
934 901 962 981 5,
986 899 1037 982 62,
1063 900 1097 980 13
1125 900 1153 982 6,
1178 900 1229 982 50,
1254 901 1281 962 1.

330 1008 404 1074 Huc
437 1013 595 1095 pertinere
629 1013 756 1077 uidetur
792 1015 819 1095 1,
855 1013 925 1091 105,
961 1013 979 1074 6
1014 1008 1066 1075 καί
1103 1009 1210 1090 μιίχης
1242 1009 1402 1089 γενομένης

284 1121 504 1202 ίσορρθπου....
534 1123 670 1203 ε’νθμισαν
701 1121 784 1188 αὐτοὶ
808 1122 941 1205 ἓκιίπεροι,
966 1125 1016 1188 οὐκ
1039 1124 1162 1188 ἔλασσον
1187 1121 1276 1202 ἔχειν.
1304 1124 1347 1188 Et
1372 1125 1401 1207 5,

288 1237 351 1299 104
385 1242 438 1309 πης
472 1237 503 1301 δὲ
537 1237 688 1316 δυνάμεως
722 1238 761 1318 πῷ
792 1236 951 1302 ἐλλείπουσι
981 1237 1033 1309 την
1065 1236 1302 1315 Λακεδαιμονίαν
1325 1236 1398 1315 ἡμῖν

284 1344 466 1429 ξυμμαχίαν
495 1351 688 1432 προσέσεσθαι.
721 1351 872 1417 Proxime
903 1352 1061 1435 praecedit
1084 1350 1169 1435 quod
1194 1351 1334 1415 multum
1344 1350 1385 1414 ad

286 1483 353 1528 rem
376 1465 459 1550 facit,
482 1465 617 1531 uerbum
640 1465 864 1530 ἕλασσθισεσθαι.

329 1578 478 1644 Trutinae
507 1580 670 1644 inclinatio
701 1581 818 1644 dicitur
845 1579 962 1644 Graece
984 1577 1065 1664 ρὀπθ,
1091 1579 1176 1663 quod
1202 1578 1395 1643 uocabulum

289 1692 467 1757 deriuatum
509 1699 557 1757 est
597 1714 616 1757 a
647 1694 746 1759 uerbo
780 1692 872 1775 ῥέπειν
906 1696 1057 1778 (uergere,
1091 1694 1266 1776 inclinare),
1304 1696 1396 1757 euius

288 1809 461 1890 composita
503 1812 579 1872 sunt
618 1805 789 1887 οίνπιρρίπειν
832 1812 863 1872 et
902 1805 1062 1888 ἐπιρρέπεια
1106 1807 1174 1871 Iam
1217 1808 1396 1891 antiquitus

288 1921 498 2004 metaphorice
529 1923 581 1986 usi
611 1927 686 1986 sunt
716 1922 766 1986 his
798 1922 931 1987 uocibus
961 1927 1080 2006 poetae.
1105 1920 1199 1985 Hom.
1223 1921 1260 1984 11.
1285 1923 1314 2004 8,
1340 1922 1397 2002 723

289 2036 340 2117 22,
375 2036 447 2098 212.
483 2034 544 2099 cfr.
580 2035 673 2120 Uerg.
710 2036 789 2100 Aen.
823 2035 899 2119 XII,
935 2037 1006 2099 725.
1041 2035 1184 2120 Iuppiter
1217 2036 1286 2118 ipse
1320 2034 1398 2098 duas

288 2153 422 2232 aequato
458 2152 605 2216 examine
638 2150 745 2214 lances
779 2149 922 2216 Sustinet
952 2155 983 2214 et
1016 2149 1081 2213 fata
1114 2150 1249 2233 imponit
1272 2149 1398 2212 diuersa

288 2262 426 2326 duorum
458 2261 560 2338 Quem
592 2264 720 2328 damnet
741 2262 831 2327 labor
853 2269 883 2328 et
908 2283 971 2346 quo
995 2269 1105 2348 uergat
1127 2261 1266 2347 pondere
1290 2263 1398 2327 letum.

286 2375 486 2458 Thucydides
518 2377 593 2441 inde
625 2378 706 2442 hanc
737 2382 902 2442 mutuatus
934 2384 981 2443 est
1003 2377 1242 2441 translationem
1269 2377 1398 2461 5,103,

289 2491 307 2552 2
343 2487 392 2553 ε’πί
424 2493 514 2572 ροπης
547 2491 620 2568 μιθς
650 2488 738 2575 θνπες,
768 2492 802 2555 in
836 2511 899 2556 uno
931 2491 1123 2556 discriminis
1146 2495 1307 2555 momento
1331 2509 1401 2554 uer-

288 2610 403 2669 santes.
429 2604 551 2669 Uooula
573 2608 645 2683 μιοῖι
668 2607 766 2670 totius
789 2607 963 2670 sententiae
986 2607 1053 2669 uim
1079 2605 1284 2670 uehementer
1299 2609 1401 2689 auget.

291 2718 350 2782 cfr.
392 2719 500 2804 Eurip.
542 2719 636 2805 Hipp.
681 2721 775 2804 1163,
816 2722 873 2805 qui
911 2720 1000 2785 addit
1036 2721 1151 2797 μικροῖς.
1187 2719 1297 2805 Eurip.
1329 2719 1400 2785 Hel.

291 2834 397 2897 1000
418 2831 521 2910 βλέπω
562 2831 611 2897 δύο
650 2831 748 2915 ῥοποίς.
788 2833 881 2918 Soph.
915 2833 1022 2898 Traoh.
1057 2836 1098 2898 82
1133 2834 1162 2898 ἕν
1194 2835 1272 2915 ρὀιπῇ
1305 2831 1400 2915 τοιᾷδε

289 2944 416 3027 κειμένῳ.
462 2945 627 3032 Quidquid
668 2947 795 3012 additur
836 2949 984 3031 quamuis
1029 2949 1196 3012 minimum
1244 2947 1402 3011 lanculam

291 3060 446 3144 deprimit,
484 3061 537 3124 cfr.
571 3059 704 3125 Homeri
737 3057 786 3123 ε’πί
822 3056 903 3141 ξυροῦ
938 3057 1032 3141 θκμη.
1069 3059 1274 3124 Memoranda
1308 3062 1403 3125 etiam

290 3174 389 3239 uerba
413 3173 573 3240 Ciceronis
595 3174 693 3238 Acad.
715 3174 815 3239 Prior.
841 3177 869 3259 2,
894 3177 944 3259 12,
966 3177 1024 3238 38:
1049 3174 1089 3238 Ut
1109 3175 1193 3239 enim
1214 3193 1346 3239 neeesse
1358 3177 1405 3239 est

290 3287 412 3353 lancem
444 3289 477 3351 in
509 3287 588 3352 libra
619 3288 814 3372 ponderibus
844 3289 1000 3372 impositis
1024 3287 1167 3373 deprimi,
1190 3288 1236 3351 sic
1260 3289 1416 3371 animum,

240 3476 242 3480 ¹
291 3403 325 3466 in
359 3404 535 3488 perspicuis
568 3402 687 3468 cedere·
722 3405 752 3486 2,
787 3405 839 3486 42,
870 3405 888 3465 2
920 3400 1060 3482 ίσθρροπον
1092 3405 1140 3466 est
1163 3401 1249 3485 quod
1272 3401 1403 3485 paribus

291 3515 484 3600 ponderibus
512 3520 559 3581 est
582 3517 797 3581 examinatum
820 3512 872 3580 καὶ
897 3517 948 3580 οὐκ
970 3513 1006 3580 θον
1030 3521 1150 3588 πολλοῖς
1173 3517 1228 3579 πῶν
1252 3513 1404 3588 Ἑλλήνων

291 3625 430 3710 ίσθρροπος
463 3625 555 3710 θίσπερ
589 3628 678 3693 τῶνδε
711 3629 725 3693 ί
759 3626 846 3708 λόγος
873 3629 913 3710 τῷ
944 3626 1015 3711 ἔργῳ
1044 3627 1161 3713 φανείη,
1191 3648 1251 3694 neo
1285 3628 1404 3694 multos

294 3744 430 3809 Graecos
458 3745 620 3809 inueneris
652 3764 788 3829 quorum
812 3746 929 3830 pariter
951 3750 1046 3829 atque
1069 3745 1182 3809 horum
1207 3744 1290 3809 dicta
1313 3743 1404 3808 factis

295 3864 470 3943 exaequata
505 3863 682 3943 appareant.
716 3858 804 3923 Haec
835 3860 906 3923 laus
939 3861 1068 3924 omnino
1099 3860 1270 3944 opponitur
1299 3877 1405 3942 repre-

294 3974 449 4057 hensioni,
484 3992 565 4057 quae
600 3973 650 4037 his
681 3974 860 4038 continetur
890 3973 1013 4038 uerbis:
1046 3967 1082 4036 ὦν
1104 3972 1117 4036 ί
1140 3971 1226 4050 λθγος
1249 3975 1301 4037 ποῦ
1324 3969 1405 4054 ἔργον

293 4084 403 4168 ἕκροίπει
435 4089 464 4172 1,
488 4088 540 4171 50,
563 4088 593 4153 5.
616 4085 706 4152 Dem.
728 4085 754 4171 Ι,
780 4087 819 4150 10
842 4087 960 4170 aliique
983 4091 1019 4150 ut
1037 4085 1183 4170 Xenoph.
1208 4083 1281 4152 Oec.
1307 4088 1337 4171 3,
1363 4087 1404 4150 15

294 4222 352 4287 pro
388 4198 527 4283 ίσθρροπος
560 4221 639 4267 uoce
674 4198 836 4282 ἀντίρροποι
871 4220 964 4287 saepe
992 4205 1136 4266 utuntur.
1164 4198 1291 4265 Dicitur
1313 4196 1404 4279 μιίχη

295 4313 432 4397 ίσθρροπος
457 4317 486 4400 1,
511 4316 583 4400 105,
607 4317 626 4379 5
651 4320 682 4381 et
706 4313 865 4394 ναυμαχία
890 4316 918 4401 7,
943 4317 992 4400 71,
1017 4315 1046 4400 l,
1070 4319 1117 4380 est
1140 4316 1238 4400 igitur
1250 4314 1409 4381 eiusmodi
1505 4330 1510 4337 '
