3038 4980
654 501 693 564 11

112 690 268 776 permittit
279 691 311 773 ¹).
334 689 407 754 Non
431 690 494 754 nisi
516 691 705 755 necessitate
728 693 855 755 coactus
874 709 911 755 ea
930 692 1032 775 tangit
1044 707 1127 774 quae
1137 691 1230 772 putat

114 805 156 868 ad
179 805 377 889 propositum
401 823 468 867 non
487 805 654 889 pertinere,
673 805 717 867 ita
736 806 773 868 ut
792 804 885 868 multi
897 803 952 868 alii
963 808 995 869 et
1005 802 1195 884 Bernhardy
1207 803 1230 884 2)

113 921 253 1005 graviter
295 922 469 1004 querantur
512 918 599 1002 quod
636 917 838 999 Thucydides
875 918 1001 987 silentio
1034 917 1231 1003 praeterierit

114 1052 198 1118 quae
219 1052 307 1097 nunc
328 1052 388 1097 nos
411 1032 533 1096 nescire
557 1032 709 1096 dolemus.

158 1146 233 1233 Ipse
266 1146 346 1210 nihil
378 1145 492 1211 litteris
525 1146 656 1210 mandat
688 1143 908 1221 ἀβασανίστως.
939 1142 1043 1220 Quare
1075 1163 1129 1209 eos
1158 1163 1228 1229 per-

115 1262 243 1346 stringit
273 1261 329 1344 qui
357 1259 475 1324 famam
502 1279 612 1324 rarum
636 1263 709 1324 ante
733 1279 824 1324 suam
850 1265 983 1327 aetatem
1006 1264 1178 1346 gestarum,
1200 1261 1231 1323 et

115 1378 144 1441 si
167 1376 232 1440 sint
257 1374 457 1456 domesticae,
481 1373 550 1438 sine
573 1375 720 1437 accurata
741 1374 950 1457 inquisitione
973 1375 1154 1460 promiscue
1176 1372 1232 1435 alii

14 1476 16 1480 Α
115 1489 156 1554 ab
188 1490 258 1554 aliis
289 1490 445 1573 accipiant
455 1487 491 1572 3).
514 1485 599 1563 Quid
622 1488 664 1551 sit
685 1505 801 1551 uerum
826 1489 969 1573 quidque
992 1509 1011 1552 a
1033 1489 1168 1552 ueritate
1191 1487 1233 1549 sit

116 1603 258 1668 alienum
292 1603 349 1686 qui
383 1602 516 1686 quaerit,
550 1603 580 1665 ei
610 1600 721 1665 nullus
750 1601 923 1685 fugiendus
955 1607 1003 1668 est
1035 1601 1141 1683 labor3
1164 1605 1197 1665 at
1207 1600 1231 1682 4)

117 1717 302 1800 multorum,
333 1736 414 1801 quos
444 1716 646 1798 Thucydides
675 1720 794 1784 imitari
819 1737 884 1782 non
908 1718 989 1801 uult,
1011 1737 1076 1781 non
1100 1735 1232 1801 operosa

118 1836 167 1898 est
198 1831 343 1896 ueritatis
369 1830 573 1915 inuestigatio
598 1831 653 1896 sed
677 1833 717 1896 ad
742 1852 788 1917 ea,
812 1851 895 1917 quae
917 1833 1050 1897 suntin
1073 1836 1234 1917 promptu,

102 1924 227 2030 ‘potius
251 1964 285 2010 se
312 1948 512 2009 conuertunt.
537 1944 690 2010 Ueritatis
713 1966 823 2011 amans
846 1966 912 2010 non
936 1947 999 2010 nisi
1022 1948 1125 2010 rectae
1147 1949 1236 2030 paret

118 2060 255 2141 rationi;
288 2079 384 2124 suum
414 2077 484 2123 esse
506 2062 597 2142 putat
620 2059 733 2124 docere
754 2080 820 2124 non
842 2079 920 2125 uero
944 2060 1105 2125 delectare.
1128 2059 1178 2123 Ita
1198 2059 1235 2124 fit

118 2177 157 2238 ut
179 2171 321 2238 Homero
335 2173 367 2256 ⁵),
390 2173 476 2256 quod
499 2172 540 2237 sit
562 2176 654 2256 poeta
676 2178 707 2238 et
729 2173 821 2239 facile
840 2176 946 2239 omnia
964 2175 999 2237 in
1017 2174 1235 2239 maiusextol-

120 2289 174 2370 lat,
195 2286 290 2351 fidem
318 2305 387 2351 esse
410 2286 627 2370 denegandam
651 2287 743 2352 dicat.
765 2286 965 2353 Herodotum
990 2307 1120 2372 quoqne
1143 2289 1236 2373 quasi

121 2399 251 2465 laudem
276 2403 447 2464 donantem
471 2403 552 2464 tecte
575 2402 676 2484 carpit
699 2404 731 2465 et
754 2401 792 2466 de
811 2420 845 2466 se
863 2403 932 2487 ipso
952 2402 1056 2467 dicere
1075 2402 1236 2485 putandus

125 2518 173 2580 cst
204 2531 286 2598 quae
314 2511 390 2577 facit
411 2512 566 2577 Periclem
580 2511 603 2595 6)
628 2515 802 2580 dicentem:
831 2535 955 2601 „neque
976 2516 1158 2600 indigemus
1182 2523 1238 2584 aut

123 2627 264 2701 Homeri
287 2625 437 2692 laudibus
466 2632 522 2692 aut
544 2627 626 2693 alius
650 2631 851 2715 cuiusquam,
876 2631 988 2715 quiin
1011 2649 1161 2714 praesens
1183 2633 1239 2696 ho-

124 2744 229 2806 mines
252 2741 385 2806 delectet
408 2741 545 2826 quidem,
568 2741 664 2807 rebus
687 2747 794 2807 autem
813 2746 911 2827 gestis
930 2746 1142 2809 conuincatur
1160 2745 1240 2810 falsa

124 2876 160 2923 se
191 2857 353 2921 cecinisse.
383 2856 495 2921 Unum
518 2875 642 2940 semper
664 2858 772 2922 studet
794 2857 1004 2943 Thucydides,
1027 2879 1130 2923 sanum
1154 2862 1241 2944 quod

124 2974 232 3037 animo
262 2971 400 3035 intendit
430 2970 580 3055 perficere
612 2976 754 3056 conatur,
777 2977 813 3038 ut
842 2971 960 3038 librum
984 2978 1162 3059 componat,
1185 2976 1242 3059 qui

125 3089 160 3151 in
181 3089 373 3171 perpetuum
398 3089 545 3151 seruatur
562 3106 628 3150 non
648 3088 704 3171 qui
723 3088 757 3150 in
776 3107 926 3173 praesens
939 3089 1139 3154 audientium
1152 3090 1241 3175 plau-

129 3222 201 3267 sum
225 3198 468 3282 consectetur7).
492 3201 534 3265 Et
557 3203 700 3266 omnium
724 3201 789 3266 fere
813 3204 978 3268 sententiis
999 3203 1061 3267 dici
1079 3207 1184 3288 potest
1202 3205 1242 3268 ad

127 3443 274 3452 .--—

162 3606 190 3673 1)
209 3607 259 3659 Csr.
282 3607 395 3674 Thucyd.
418 3607 443 3674 1,
467 3605 508 3668 97,
525 3605 550 3674 3,
567 3607 608 3656 καὶ
625 3605 668 3663 τὴν
686 3605 786 3669 ἐκβολὴν
803 3609 846 3656 τοῦ
863 3609 940 3670 λόγου
958 3605 1106 3669 ἐποιησάμην
1127 3606 1166 3657 διὰ
1181 3606 1244 3666 τάδε,

131 3700 253 3766 sequitur
269 3700 407 3751 excusatio.

163 3793 190 3858 1)
208 3791 241 3844 G.
265 3791 423 3860 Bernhardy,
443 3792 584 3844 Grundriss
600 3794 646 3845 der
661 3793 842 3846 Griechischen
856 3793 1005 3855 Litteratur,
1022 3793 1050 3843 20
1068 3795 1247 3863 Bearbeitung,

160 3883 242 3950 Theil,
259 3897 315 3949 pag.
331 3881 391 3934 399.

165 3974 190 4037 3)
209 3974 323 4040 Thucyd.
341 3973 366 4040 1,
383 3973 423 4036 20,
440 3975 465 4027 1.

165 4065 193 4131 4)
213 4067 233 4131 1,
251 4064 285 4116 20
301 4066 330 4118 in
348 4066 408 4118 fine.

165 4157 192 4223 5)
212 4158 232 4216 I,
249 4155 291 4218 10,
309 4157 332 4209 3.
366 4157 370 4164 “

165 4248 334 4314 &hsta

166 4338 332 4407 7)1,11,1.
