3038 4980
754 482 816 545 107

273 666 395 733 Notum
419 671 467 732 est
489 685 531 732 ex
553 669 593 732 iis
614 666 776 733 Lucienus
799 687 882 752 quae
900 671 1027 754 scripsit
1044 668 1185 735 Hermot.
1205 671 1335 735 40-43

222 786 279 867 qui
310 783 460 847 certaturi
490 786 597 846 essent
625 801 690 845 non
720 783 784 846 nisi
815 785 941 847 sortitos
964 786 1145 849 certaminis
1167 786 1335 869 participes

221 917 291 963 0000
310 898 460 981 potuisse.
482 894 566 971 Quot
586 900 675 960 erant
694 897 750 980 qui
770 898 876 961 sortiri
896 897 1016 962 uellent
1034 902 1081 963 tot
1099 900 1133 961 in
1153 918 1235 962 urna
1247 903 1336 963 erant

221 1015 322 1077 sortes
356 1010 598 1092 litterarumque
628 1008 747 1074 formae
777 1011 923 1094 singulae
954 1012 1089 1096 singulis
1118 1017 1337 1097 congruentes,

219 1127 264 1189 ita
296 1128 403 1188 tamen
434 1128 478 1205 01,
508 1126 720 1206 pugnatorum
751 1124 856 1207 impar
886 1125 914 1187 si
945 1128 1028 1188 esset
1050 1143 1213 1202 numerus,
1232 1125 1335 1190 littera

221 1257 295 1320 una,
323 1238 375 1301 cui
399 1236 547 1300 nonalia
571 1235 783 1320 responderet,
806 1235 982 1301 adderetur.
1005 1236 1195 1302 Litterarum
1217 1238 1335 1305 formas

220 1350 340 1415 similes
370 1350 490 1414 sortitis
516 1350 599 1413 inter
622 1367 691 1413 sese
715 1353 782 1413 erat
804 1349 1029 1433 dimicandum,
1052 1353 1202 1435 uictoque
1224 1371 1333 1416 succe·

220 1463 314 1528 debat
348 1464 488 1528 uicarius
521 1465 560 1545 is,
593 1464 645 1526 cui
680 1481 749 1526 sors
783 1462 1002 1527 aduersarium
1032 1483 1097 1528 non
1119 1465 1332 1546 indicauerat;

219 1574 337 1657 ἔφεδρος
361 1574 524 1640 dicebatur
546 1575 601 1640 1110
623 1576 791 1640 tertiarius.
814 1575 913 1660 Saepe
936 1578 1018 1641 uarii
1043 1579 1142 1642 uariis
1162 1578 1335 1642 modishac

219 1691 358 1774 imagine
390 1691 440 1754 001
469 1694 545 1754 0001
576 1691 744 1774 scriptores
775 1694 806 1754 et
833 1694 951 1774 poetae.
975 1691 1137 1776 Aristoph.
1159 1690 1238 1756 Ran.
1263 1693 1335 1756 792.

219 1803 332 1887 Eurip.
360 1801 412 1867 Or.
439 1802 533 1866 1627.
556 1801 703 1886 Xenoph.
725 1801 827 1866 Anab.
852 1805 881 1885 2,
905 1805 934 1886 5,
959 1804 1009 1887 10,
1032 1803 1128 1889 Soph.
1152 1807 1245 1868 Aiax.
1270 1805 1334 1870 609

221 1921 253 1982 01
283 1916 423 1997 Thucyd.
442 1917 486 2000 -4,
517 1917 568 1999 71,
598 1917 615 1979 1
647 1914 738 1993 ἐγγὺς
767 1916 972 1997 ἐφεδρενόντοον
1002 1916 1169 2001 Ἀθηναίων,
1194 1920 1225 2003 8,
1249 1920 1289 1982 92
1316 1920 1333 1980 7

222 2027 428 2112 ἕφεδρευόντονν
450 2028 542 2107 ἔγγὺς
563 2032 620 2093 τῶν
642 2028 795 2107 πολεμίων.

263 2143 338 2209 Ηο0
364 2143 565 2209 referendum
595 2145 724 2209 uidetur
757 2145 785 2227 5,
816 2145 866 2227 58,
897 2145 918 2207 4
948 2144 1106 2216 abdictus:
1136 2125 1170 2208 in
1194 2145 1334 2229 speculis

219 2278 305 2324 esse:
336 2252 401 2336 ᾖοὶ
423 2257 548 2338 Ἀργεῖον
571 2255 716 2329 ἕκοέθνντο.

264 2373 304 2436 10
335 2374 504 2437 certamine
527 2372 729 2437 aduersarius
752 2372 970 2438 aduersarium
993 2375 1093 2438 uariis
1116 2373 1237 2439 artibus
1260 2375 1334 2439 sub-

219 2488 267 2550 ire
290 2488 466 2550 consueuit.
489 2485 574 2549 Hinc
597 2487 705 2550 uariae
727 2486 957 2551 translationes.
981 2486 1132 2566 Κοοθοορεῖν
1155 2487 1273 2551 dicitur
1295 2488 1334 2553 de

219 2618 268 2682 00,
305 2601 361 2682 qui
395 2601 429 2661 10
463 2601 635 2663 certamine
669 2597 829 2663 subuertit
863 2599 1098 2680 aduersarium
1135 2600 1220 2683 quod
1244 2600 1335 2665 docet

221 2711 312 2776 Plato
334 2711 418 2775 Prot.
444 2710 553 2794 3430,
577 2711 600 2774 ri
622 2709 743 2774 κοοθέλον
762 2716 846 2775 τοῦτο
864 2711 897 2776 sb
915 2713 995 2791 ρ’ἥμοο
1015 2708 1108 2792 ὥσπερ
1127 2711 1336 2790 εὐδοκιμοῦντα

221 2822 360 2897 ἀθλητήν.
386 2823 446 2888 Gir.
471 2827 501 2908 5,
526 2825 599 2909 103,
626 2826 642 2887 1
668 2822 777 2896 Ἐλπὶς
800 2824 915 2888 aa...
938 2823 1003 2895 τοὺς
1023 2824 1078 2902 μὲν
1096 2825 1156 2890 ἀπὸ
1175 2825 1335 2906 περιουσίας

220 2937 387 3019 χρωμένους
416 2940 502 3022 adab,
532 2937 587 3002 0ον
616 2936 724 3019 dictatu
756 2940 787 3002 οὐ
810 2940 935 3003 καθεῖλε.
960 2940 1079 3005 Ultima
1102 2940 1200 3006 uerba
1219 2943 1334 3026 prioris

220 3054 349 3138 capitis:
381 3051 431 3116 sui
462 3052 553 3130 ἡμῖν.
569 3099 575 3113 .
590 3100 619 3115 ..
651 3050 695 3116 tri
718 3050 771 3116 sai
794 3058 896 3125 στῆνοον
918 3050 1005 3125 ἐλπὶς
1027 3054 1114 3133 ὀρθοῖς
1137 3055 1177 3118 ad
1201 3056 1334 3120 eandem

219 3169 390 3252 imaginem
414 3173 490 3231 sunt
512 3166 692 3246 referenda;
715 3167 813 3231 semel
835 3168 933 3250 igitur
953 3167 1012 3231 hac
1030 3151 1235 3233 translatione
1254 3189 1334 3234 usus

220 3284 403 3364 perseuerat
438 3279 648 3361 Thucydides.
682 3279 780 3362 ,Rem
811 3281 839 3344 si
869 3284 999 3345 strenue
1031 3281 1195 3365 agamus,''
1224 3282 1334 3347 dicunt

220 3394 318 3477 Melii,
340 3412 431 3478 „spes
454 3398 502 3458 est
523 3393 590 3458 fore
614 3398 650 3457 ut
672 3396 795 3459 stemus
815 3393 922 3458 recti.'’
949 3393 1091 3476 „Immo”
1104 3433 1144 3441 —
1158 3396 1332 3460 Athenien-

220 3527 272 3572 ses
305 3507 498 3591 ‘respondent
532 3545 573 3553 —
612 3510 659 3588 ,01
693 3509 749 3591 qui
779 3513 907 3591 sperant
937 3508 1052 3572 010110
1074 3507 1191 3573 habent
1214 3509 1333 3592 quibus

220 3620 379 3686 confidere
401 3623 532 3705 possint,
555 3641 627 3705 spes
648 3620 756 3686 fallere
780 3621 908 3705 quidem
928 3623 1042 3705 poterit
1060 3623 1094 3685 10
1114 3623 1245 3706 ancipiti
1259 3643 1334 3688 uero

221 3754 275 3799 000
305 3753 370 3797 000
399 3733 525 3817 ponet.''
554 3733 630 3798 Tota
652 3753 745 3818 porro
767 3735 844 3798 haec
867 3733 979 3799 Melies
1002 3736 1085 3799 inter
1108 3740 1139 3799 et
1160 3736 1334 3801 Athenien-

221 3867 272 3912 ses
296 3848 498 3912 altercatione
520 3868 538 3913 0
560 3848 715 3932 palaestra
737 3852 882 3933 sumptae
905 3854 1078 3914 occurrunt
1098 3851 1261 3934 imagines.
1281 3850 1334 3916 Sic

222 3965 317 4027 etiam
343 3964 370 4038 l,
396 3963 468 4044 121,
491 3964 519 4024 4.
550 3960 639 4026 Ηο00
662 3961 759 4026 00050
780 3962 980 4043 Thucydides
1004 3982 1078 4027 cum
1101 3962 1258 4028 scribebat
1280 3984 1335 4049 pa-

221 4078 356 4141 laestrae
387 4078 493 4159 imago
523 4077 593 4140 eius
625 4077 726 4141 000110
757 4075 996 4142 obuersabatur.
1027 4077 1134 4141 Mente
1164 4080 1249 4142 enim
1272 4079 1334 4143 sibi

220 4189 361 4274 fingebat
392 4189 455 4253 duo
487 4190 629 4273 athletas,
659 4190 796 4274 quorum
825 4191 904 4255 alter
934 4191 1030 4256 altero
1054 4211 1129 4256 cum
1151 4211 1214 4256 usu
1238 4197 1333 4276 atque

198 4309 269 4372 cien
283 4308 333 4370 tia
362 4303 553 4368 inferiorem
578 4324 612 4369 00
634 4323 704 4370 0000
726 4304 858 4387 uideret,
881 4305 1031 4390 quamuis
1053 4306 1173 4370 uirtute
1193 4310 1332 4392 praesta·
