3038 4980
736 454 777 518 66

243 643 364 730 Operae
397 645 533 729 pretium
569 646 628 708 erit
663 643 817 728 quosdam
852 642 994 707 Platonis
1026 642 1115 707 locos
1139 644 1225 709 inter
1248 663 1318 709 sese

197 758 355 823 conferre:
392 757 485 842 Gorg.
520 759 583 820 482
617 756 645 820 Ε
680 754 731 829 την
765 753 902 829 ώιιύώειαν
934 754 1041 820 διώκειν
1073 756 1153 820 Piat.
1184 757 1316 842 Protag.

199 873 263 936 354
294 871 317 936 C
351 869 458 935 διώκειν
488 868 541 942 την
572 869 671 943 ηδονην
694 870 731 941 ώς
755 868 864 947 ώγαύδν
887 866 924 933 ών.
950 869 1043 955 Gorg.
1068 871 1132 934 480
1158 870 1182 934 0
1207 870 1318 935 διώκειν

196 984 229 1050 τὸ
251 984 361 1063 dyada
382 982 434 1049 καὶ
457 981 553 1048 κανών.
576 984 692 1050 Phaed.
717 984 757 1046 66
778 984 808 1047 A
827 983 975 1047 αὐτὸκαθ’
990 982 1061 1048 αύτὸ
1073 983 1219 1065 εἰλικρινὲς
1231 982 1318 1049 ἕκατ-

198 1122 246 1163 τον
275 1099 416 1180 ἐπιχειρεῖ
442 1096 560 1180 θηρεύειν
588 1100 645 1162 τών
674 1095 780 1178 ὄντων,
809 1102 846 1162 ut
868 1097 958 1162 Plato
982 1100 1117 1183 eiusque
1139 1100 1318 1165 imitatores

202 1232 429 1297 saepenumero
460 1215 512 1277 usi
535 1216 610 1282 sunt
633 1210 799 1276 uocabulis
823 1213 995 1276 uenatoriis
1019 1212 1057 1276 de
1080 1231 1158 1276 uero
1181 1214 1318 1278 inuesti-

201 1327 305 1411 gando
319 1327 349 1407 ¹).
378 1325 517 1407 Euthyd.
549 1326 612 1389 290
644 1324 676 1389 O.
709 1326 831 1390 Theaet.
856 1325 918 1387 166
944 1323 978 1390 0.
1002 1324 1063 1390 Ofr.
1087 1345 1181 1410 porro
1206 1326 1324 1412 Eurip-

202 1440 227 1504 I.
251 1442 289 1504 A.
315 1440 378 1504 568
402 1438 519 1520 θηρεύειν
541 1436 647 1519 ώρετών
670 1442 700 1504 et
722 1438 790 1503 Ion.
814 1440 877 1502 440
901 1436 1008 1518 ώρετοδς
1031 1438 1149 1504 διώκειν.

247 1552 309 1618 Sed
343 1554 382 1617 de
416 1554 465 1618 his
499 1555 562 1617 iam
597 1554 682 1636 satis,
710 1553 877 1636 adipsum
901 1552 1117 1634 Thucydidem
1141 1554 1319 1619 redeamua

203 1667 403 1731 Translatum
437 1666 572 1732 uerbum
605 1665 711 1729 διώκειν
742 1667 826 1750 apud
857 1685 932 1730 eum
955 1667 1140 1733 inuenimus
1164 1670 1195 1752 2,
1220 1669 1314 1753 63,1

204 1779 260 1854 τοίς
282 1778 374 1859 τιμώς
397 1779 503 1844 διώκειν
525 1782 661 1846 honores
685 1783 805 1845 sectari.
825 1780 914 1844 Idem
934 1781 1023 1846 ualet
1041 1780 1177 1847 uerbum
1188 1780 1320 1860 μετιέναι

204 1898 234 1980 2,
258 1897 309 1979 39,
334 1897 369 1959 1:
395 1900 426 1961 et
447 1897 479 1959 in
500 1916 671 1981 puerorum
691 1896 877 1960 educatione
896 1895 943 1959 illi
956 1897 1060 1963 statim
1072 1897 1206 1961 ineunte
1218 1903 1320 1962 aetate

203 2011 360 2075 laboriosa
391 2011 615 2075 exercitatione
637 2009 669 2072 τὸ
692 2008 817 2089 ώνδρεῑον
840 2006 1042 2089 μετέρχονται,
1067 2009 1121 2073 cfr.
1148 2011 1175 2094 1,
1202 2013 1275 2095 124,
1301 2013 1314 2074 l

205 2129 236 2188 et
269 2126 297 2206 1,
329 2126 402 2208 135,
425 2126 444 2188 3
468 2120 626 2197 ξννδιώκειν
649 2120 765 2203 ἄνδρας.
793 2123 845 2187 Ex
867 2123 999 2187 latibulo
1021 2123 1105 2188 ferae
1128 2126 1319 2190 excitantur.

206 2237 318 2302 Graeci
352 2238 462 2302 dicunt
495 2234 650 2300 ιἰνιστώναι
683 2237 737 2300 cfr.
772 2236 918 2320 Xenoph.
953 2237 1064 2321 Cyrop.
1098 2237 1128 2321 6,
1158 2241 1201 2302 23
1225 2259 1319 2304 canes

204 2348 398 2423 ώναοτητονσι
426 2349 474 2414 τὸν
497 2349 581 2427 λαγώ
604 2355 635 2414 ct
657 2349 803 2434 Xenoph.
825 2350 927 2414 Anab.
953 2350 980 2434 l,
1004 2353 1033 2433 5,
1057 2353 1076 2414 3
1099 2349 1156 2423 τοὶς
1178 2350 1319 2424 δ’ώτίδοις

205 2461 255 2528 ε’ών
278 2487 322 2536 τις
345 2461 428 2543 ταχύ
450 2464 563 2544 ώνιστη,
586 2461 648 2527 ἔστι
667 2461 843 2541 ιιαμβώνειν.
865 2464 968 2528 Sensu
989 2465 1140 2529 translato
1152 2467 1320 2531 inuenitur

207 2577 236 2660 6,
260 2579 289 2660 2,
312 2579 341 2640 2.
369 2575 422 2640 ύτο
444 2574 561 2654 Λιγύων
583 2574 766 2650 ώναττώντες
789 2583 820 2642 et
844 2579 889 2641 sio
913 2579 1048 2662 saepiuS.
1074 2578 1103 2663 6,
1124 2581 1153 2663 3,
1174 2581 1319 2645 2eodem

207 2709 303 2755 sensu
328 2690 430 2754 utitur
451 2690 651 2771 Thucydides
673 2691 772 2755 uerbo
794 2687 963 2764 ἐξελαύνειν.

249 2803 427 2877 Sescenties
458 2804 573 2888 legitur
603 2804 738 2869 uerbum
769 2811 869 2885 τηρεῖν.
901 2803 973 2869 Nisi
1001 2806 1106 2869 omnia
1130 2825 1181 2870 me
1203 2806 1319 2872 fallunt

204 2917 279 2981 huic
308 2917 406 2981 uerbo
439 2918 621 3001 aucupandi
650 2920 737 2982 notio
770 2922 818 2983 est
842 2917 1001 3000 subiecta;
1026 2920 1056 3002 4,
1079 2918 1130 3002 61,
1155 2919 1183 2982 1.
1207 2917 1263 2993 τώς
1286 2945 1321 2984 τε
1414 3005 1417 3009 ,

90 3064 91 3067 ¹
205 3027 353 3110 ώμαρτίας
394 3028 475 3107 ἡμῶν
509 3033 636 3110 τηροῦσιν
671 3029 783 3108 ὀλίγαις
816 3027 917 3095 ναντὶν
950 3028 1096 3113 ταρύντες.
1135 3034 1165 3117 5,
1200 3035 1252 3118 82,
1287 3036 1315 3097 2.

206 3142 383 3224 τηρήσαντες
413 3142 510 3214 αύτώς
539 3142 594 3215 τώς
625 3143 858 3227 γυμνοπαιδίας,
884 3145 938 3209 cfr.
963 3147 992 3229 3,
1016 3147 1067 3229 22,
1091 3145 1126 3226 1,
1151 3148 1182 3231 4,
1206 3147 1257 3227 26,
1281 3149 1315 3230 7,

208 3257 237 3341 6,
268 3259 297 3342 2,
328 3260 365 3338 4,
399 3259 427 3341 7,
459 3259 510 3340 80,
542 3259 569 3321 1.
601 3257 700 3343 Saepe
731 3261 824 3323 etiam
855 3261 993 3323 occurrit
1015 3258 1153 3324 uerbum
1174 3259 1317 3343 ἕτιτηρεῑν

209 3371 239 3456 5,
269 3373 321 3456 37,
349 3373 386 3452 2,
412 3372 440 3455 l,
465 3372 517 3455 62,
541 3373 569 3436 3.
593 3371 655 3438 Gir.
682 3375 712 3458 3,
738 3374 810 3457 107,
834 3375 853 3436 2
878 3373 935 3437 ubi
958 3379 1068 3437 auctor
1090 3378 1198 3440 noster
1220 3376 1317 3441 uerbo

207 3486 308 3549 utitur
329 3484 468 3565 ἐφορμεῖν
492 3485 576 3569 quod
599 3487 724 3570 proprie
748 3487 863 3550 dicitur
887 3487 926 3552 de
948 3487 1096 3552 nauibus.
1337 3517 1339 3521 ⁴

251 3597 394 3662 Eandem
416 3600 484 3662 uim
509 3597 603 3662 habet
624 3598 760 3664 uerbum
783 3595 945 3679 φνλώττειν
970 3602 999 3684 3,
1023 3600 1096 3684 105,
1119 3602 1156 3682 2,
1182 3603 1211 3686 2,
1231 3605 1261 3688 3,
1279 3605 1320 3686 4,

208 3712 555 3795 4QQLQ4

250 3824 312 3888 Uei
335 3825 428 3889 dulce
450 3825 591 3888 canendo
614 3824 667 3889 uel
689 3824 758 3889 cibo
782 3826 821 3889 ad
843 3825 987 3891 fraudem
1006 3815 1109 3911 posito
1128 3829 1232 3895 aliaue
1251 3832 1318 3897 ille

208 3938 300 4003 cebra
329 3939 493 4003 uolucrem
522 3939 638 4023 decipit
667 3959 791 4024 auceps.
821 3941 905 4006 Fieri
928 3961 992 4005 non
1015 3945 1119 4027 potuit
1142 3946 1222 4029 quin
1244 3948 1318 4012 inde

241 4210 265 4271 i)
283 4211 334 4263 Cic.
354 4211 391 4262 De
414 4211 473 4262 Nat.
499 4211 572 4262 Deor.
599 4211 621 4280 I,
643 4209 684 4277 30,
705 4210 739 4262 83
756 4213 895 4280 Physicum
912 4219 987 4265 uocat
1005 4218 1194 4280 speculatorem
1211 4227 1318 4274 uenato-

209 4317 316 4370 remque
333 4308 447 4355 naturae.
