3038 4980
647 430 695 541 35¹

115 665 234 731 habent
255 667 355 731 uerba
378 667 445 744 μετ’
468 665 644 745 οὶειροιθστοο
666 665 827 748 μαρτυρίου.
848 667 952 733 Sensu
968 670 1096 753 proprio
1115 652 1228 751 Lysias

117 777 198 842 κατα
225 782 281 843 τῶι
304 776 469 844 σιτοπθισιι
493 782 529 844 9:
553 780 749 846 frumentum
772 783 807 845 in
828 783 983 867 granariis
1006 782 1177 847 recondere
1199 786 1231 847 et

115 893 156 956 ad
174 897 301 978 tempus
317 895 456 958 caritatis
475 913 648 960 reseruare.
661 933 703 942 -
714 893 891 975 Εὐεργεσίαι
911 894 999 960 δἀπθ
1018 894 1103 959 τοῦδε
1121 897 1230 976 πρῶτον

115 1005 145 1077 ἐς
179 1003 310 1082 βασιλέα
344 1004 479 1071 κατέθετο
518 1009 546 1092 1,
578 1009 651 1092 128,
682 1008 711 1072 4.
745 1007 943 1073 Beneficium
973 1010 1113 1093 primurn
1146 1009 1231 1094 apud

115 1139 223 1205 regem
258 1122 434 1186 collocauit.
469 1119 527 1185 Καὶ
558 1120 649 1186 citeron
667 1118 764 1197 Ιδόξαν
786 1120 961 1187 καταθέσθαι
985 1125 1016 1208 4,
1040 1124 1093 1208 87,
1116 1123 1145 1187 6.
1169 1121 1230 1187 cfr.

116 1233 237 1298 Herod.
264 1238 292 1318 7,
315 1235 397 1316 2223
422 1235 452 1320 6,
474 1235 527 1301 41.
550 1235 750 1300 Beneficium
771 1236 853 1302 bene
877 1237 1066 1301 collocatum
1090 1235 1119 1320 1,
1137 1238 1190 1320 42,
1211 1238 1230 1300 3
1284 1299 1285 1304 ,

118 1349 237 1413 dicitur
267 1346 354 1430 χοὶρις
385 1349 478 1430 καιρὸι
501 1346 622 1429 ἔχουσα.
647 1349 769 1416 Eodem
792 1352 952 1436 pertinent
975 1370 1057 1435 quae
1079 1351 1232 1435 leguntur

118 1463 148 1544 1,
174 1463 246 1546 129,
271 1465 298 1527 3.
322 1461 426 1527 Κεῖταί
446 1486 488 1527 σοι
511 1461 658 1542 εὐεργεσία
680 1464 708 1527 εἰ
730 1463 770 1544 τῷ
794 1462 922 1545 ἡμετέρῳ
945 1461 1009 1545 οἴκῳ
1033 1463 1062 1536 ἐς
1085 1461 1132 1527 αἰεὶ
1156 1461 1229 1527 οἰσθ-

117 1598 258 1656 γραπτος.
280 1577 406 1655 Κεῖσθαι,
430 1576 516 1661 quod
539 1576 614 1641 alibi
637 1577 753 1641 dicitur
774 1578 953 1650 ἀποκεῖσθαι,
977 1577 1059 1642 idem
1085 1578 1170 1641 ualet
1193 1597 1230 1641 ac

118 1694 293 1776 repositum
325 1711 403 1757 esse.
436 1691 541 1769 Quare
570 1712 629 1757 rex
651 1691 779 1757 Xerxes
802 1692 981 1757 Pausaniae
1003 1693 1081 1757 haee
1104 1691 1229 1757 scribit:

119 1804 160 1869 ob
192 1807 289 1888 uiros,
321 1825 402 1889 quos
430 1806 509 1869 mihi
537 1810 625 1870 trans
649 1825 735 1871 mare
757 1806 933 1871 incolumes
956 1807 1115 1890 remisisti,
1138 1805 1233 1870 bene·

117 1918 185 1983 ficii
214 1921 316 2004 gratia
346 1921 381 1983 in
412 1919 505 1983 domo
536 1924 644 1984 nostra
676 1918 734 1983 tibi
757 1924 910 2005 perpetuo
934 1919 1074 1984 manebit
1095 1921 1233 2005 reposita

120 2035 303 2118 scriptaque
325 2052 450 2118 semper
469 2033 657 2098 seruabitur.
676 2034 818 2098 Aliunde
837 2035 988 2099 nouimus
1007 2032 1136 2113 (Herod.
1149 2035 1178 2118 8,
1190 2035 1232 2098 85
1285 2023 1287 2027 ’

119 2152 152 2212 et
183 2166 225 2212 ex
254 2147 337 2211 libro
366 2146 520 2212 Estherae
551 2148 584 2225 8)
607 2148 737 2211 nomina
759 2166 878 2231 eorum,
901 2149 957 2232 qui
981 2148 1020 2212 de
1041 2167 1115 2232 rege
1138 2153 1234 2232 atque

120 2261 161 2326 de
180 2280 279 2353 regno
298 2261 469 2326 Persarum
489 2261 570 2326 bene
590 2264 765 2326 meruerint
781 2299 821 2308 —
838 2259 996 2342 ὀροσάγγαι
1015 2265 1035 2326 i.
1048 2281 1073 2327 e.
1085 2259 1234 2343 εὐεργέται

120 2376 309 2441 dicebantur
333 2413 374 2422 -
399 2374 563 2440 codicibus
585 2377 682 2460 regiis
706 2375 825 2440 inferri.

165 2487 229 2552 Hic
259 2508 324 2552 non
354 2489 506 2553 uidentur
536 2489 763 2573 praetereunda
791 2508 873 2572 quae
902 2490 1054 2574 leguntur
1077 2491 1106 2566 2,
1130 2491 1182 2574 72,
1204 2492 1234 2574 3,

120 2602 156 2664 in
181 2601 299 2684 quibus
322 2607 369 2666 est
393 2601 528 2666 uerbum
550 2599 791 2680 παρακαταθήκη.

166 2715 219 2779 Ex
249 2735 284 2781 se
313 2718 397 2781 natis
428 2717 565 2801 quisque
596 2721 753 2800 quantum
783 2719 886 2801 potest
915 2715 1075 2800 relinquit,
1106 2722 1142 2781 ut
1163 2719 1232 2801 ipse

120 2830 208 2895 unde
231 2832 357 2895 uiueret
380 2831 508 2914 accepit.
534 2829 616 2894 Uide
638 2829 859 2895 translationes
878 2831 952 2895 inde
972 2835 1063 2895 ortas.
1086 2831 1114 2914 1,
1128 2831 1232 2914 123,1

121 2942 240 3022 πθτριθι
274 2945 358 3008 ε’στιι.
397 2944 496 3021 Quasi
529 2944 694 3009 heredium
729 2945 825 3008 alicui
858 2945 1038 3029 relinquere
1074 2945 1102 3027 l,
1134 2944 1232 3027 81,6

122 3057 238 3123 δέδοικα
272 3058 302 3122 δὲ
339 3062 457 3137 μᾶλλον
488 3056 531 3135 μὴ
562 3055 613 3121 καὶ
643 3063 702 3130 τοῖς
732 3055 831 3121 παισὶν
861 3057 949 3121 αὐτὸν
983 3057 1050 3143 (τὸν
1081 3056 1230 3142 πόλεμον)

121 3171 318 3250 θποιθπαμει.
339 3171 442 3235 Immo
464 3191 539 3236 uero
559 3190 679 3255 uereor,
698 3171 804 3254 inquit
823 3171 1046 3255 Archidamus,
1066 3189 1106 3235 ne
1127 3170 1235 3235 liberis

123 3288 220 3351 etiam
250 3287 367 3350 nostris
393 3289 500 3370 ipsum
523 3285 752 3369 relinquamus.
776 3283 837 3350 Cir.
861 3287 889 3368 5,
914 3285 964 3368 16,
989 3285 1016 3347 1.
1039 3283 1234 3348 Κατακείπειι

123 3400 235 3466 eodem
266 3420 364 3465 sensu
395 3401 533 3464 occurrit
565 3399 669 3482 6,15,
695 3400 731 3480 5,
756 3400 785 3482 2,
810 3400 861 3482 64,
885 3399 1235 3479 {temperamentum

124 3517 153 3600 2,
179 3514 231 3598 36,
254 3516 282 3578 2.

585 3754 776 3762 ——-—-

213 4009 232 4090 ᾗ
256 4008 285 4073 6.
312 4006 544 4073 Troosloticocs
566 4027 586 4070 α
607 4007 723 4070 uestitu
745 4010 837 4090 atquc
859 4011 976 4070 oracta
998 4011 1146 4090 sareptae.

167 4193 267 4258 Pallio
302 4195 396 4258 homo
431 4198 479 4258 est
511 4192 735 4258 circumdatus
766 4192 852 4256 Hinc
883 4198 957 4257 nata
988 4197 1035 4256 est
1058 4193 1233 4275 translatio,

124 4309 276 4408 ueluti,
307 4310 336 4394 8,
367 4311 386 4373 3
417 4306 469 4372 καθ
496 4331 569 4381 τινες
591 4305 639 4372 καὶ
662 4306 747 4386 τείχη
772 4304 1006 4391 περιεβάλλοντο,
1028 4309 1152 4372 moenia
1176 4306 1238 4372 sibi
