3038 4980
648 515 687 578 71

107 697 240 771 τοιούτοις
271 698 431 778 νοονὶμιιοιν
460 700 603 779 ἐχόμενοι,
634 703 709 768 satis
740 722 900 788 superque
932 708 1063 788 apparet
1092 703 1224 788 cogitari

108 816 196 893 retia,
227 815 344 899 quibus
375 816 447 899 quis
479 818 668 881 constrictus
701 822 834 882 tenetur.
866 817 1034 883 Praeterea
1059 817 1222 883 conferan-

28 997 37 1015 ,
108 932 163 991 tur
197 929 226 1011 3,
265 929 316 1013 98,
353 930 389 1008 1;
425 930 453 1012 2,
484 929 536 1011 49,
570 930 597 992 5.
630 928 711 996 Plat.
736 929 827 1014 Soph.
852 931 915 994 236
941 930 977 995 Ε.
1000 929 1074 1015 Leg.
1099 931 1162 993 714
1183 931 1222 994 Α.

109 1039 233 1105 Theaet.
256 1042 320 1105 479
344 1041 375 1104 Α
398 1045 430 1105 et
455 1041 517 1104 512
537 1042 576 1105 A.

153 1153 279 1218 Accidit
291 1152 316 1240 1)
355 1175 588 1239 nonnunquam
624 1160 659 1220 ut
693 1157 801 1241 plagas
834 1157 1032 1242 insidiasque
1066 1157 1223 1242 effugiant

109 1267 194 1332 ferae
228 1272 284 1332 aut
316 1288 432 1332 canum
467 1269 521 1334 uel
555 1274 744 1334 uenatorum
777 1289 841 1334 non
873 1269 952 1334 fiant
981 1271 1105 1354 praeda.
1128 1270 1225 1336 Unde

109 1381 300 1446 transfertur
333 1402 426 1467 saepe
460 1382 595 1447 uerbum
630 1381 799 1463 διοιφεύγειν
833 1385 866 1447 in
902 1403 966 1469 eos,
997 1386 1054 1469 qui
1085 1385 1222 1468 quoduis

110 1496 248 1580 effugere
281 1498 403 1580 possint
432 1497 618 1581 periculum.
651 1499 679 1580 8,
711 1498 740 1581 1,
774 1499 790 1561 1
816 1503 877 1569 τοῖς
899 1493 933 1571 ἐξ
955 1497 1044 1561 αὐτοῦ
1067 1500 1119 1561 τοῦ
1142 1495 1223 1578 ἔργον

110 1606 330 1691 διοινοοφεογόοι,
359 1611 454 1694 (apud
476 1610 695 1692 Thucydidem
719 1613 845 1695 saepius
869 1607 948 1690 ἔργον
970 1611 1053 1675 idem
1078 1612 1165 1675 ualet
1187 1631 1224 1675 ac

110 1724 250 1803 bellum).
287 1723 347 1787 Cfr.
382 1724 522 1808 denique
557 1725 585 1808 7,
622 1724 672 1807 77,
706 1725 723 1786 7
754 1725 860 1789 hostes
892 1724 1046 1809 effugere3
1071 1726 1100 1807 2,
1122 1724 1222 1809 lae

110 1837 258 1902 morbum
292 1837 447 1922 effuger03
484 1839 513 1910 2,
547 1839 599 1920 42,
630 1840 652 1900 4
681 1841 898 1922 paupertatem
929 1837 1075 1921 effugere.
1105 1837 1224 1903 Eadem

109 1950 249 2035 imagine
271 1970 352 2014 usus
376 1954 424 2014 est
448 1949 509 2014 Cic.
531 1953 567 2014 in
590 1949 655 2015 Cat.
681 1952 708 2034 1,
732 1951 761 2034 6,
787 1950 845 2014 15;
871 1949 956 2026 Quot
974 1970 1032 2036 ego
1053 1955 1125 2016 tuas
1145 1954 1224 2036 peti-

110 2067 214 2130 tiones
245 2067 289 2128 ita
320 2065 486 2148 coniectas,
517 2069 554 2128 ut
583 2065 679 2129 uitari
701 2083 795 2149 posse
817 2083 884 2129 non
909 2066 1101 2149 uiderentur,
1124 2084 1225 2149 parua

111 2179 248 2264 quadam
273 2179 484 2244 declinatione
509 2183 547 2254 et,
570 2183 608 2243 ut
630 2179 729 2263 aiunt,
752 2197 882 2262 corpore
906 2179 1019 2263 effugi!

268 2685 287 2766 ᾖ
313 2685 363 2746 11.
386 2685 625 2750 Traaalotlonas
647 2683 685 2749 ab
707 2683 897 2749 animalitas
917 2688 1067 2764 sumptae.

154 2895 218 2960 Hic
252 2895 342 2960 locus
374 2896 453 2959 mihi
486 2899 610 2979 praeter
643 2914 753 2959 omnes
787 2895 922 2960 idoneus
956 2899 1005 2959 est
1034 2896 1135 2979 uisus,
1159 2914 1223 2978 quo

109 3028 276 3094 ageremus
300 3009 339 3073 de
362 3009 554 3093 metaphoris
577 3011 713 3093 sumptis
733 3007 771 3073 ab
784 3008 984 3093 animalibus,
997 3009 1115 3093 quibus
1127 3009 1223 3074 homo

110 3124 214 3188 utitur
236 3122 276 3186 ad
299 3142 379 3186 usus
401 3122 584 3186 cotidianos.

155 3235 274 3300 Uiuida
304 3239 335 3299 et
364 3235 504 3299 dilucida
535 3235 699 3299 translatio
726 3239 774 3299 est
797 3235 888 3299 uerbi
911 3237 1025 3315 λωφῖιν.
1048 3234 1223 3300 Scholiasta

111 3350 152 3413 ad
173 3349 261 3412 Aiac.
286 3348 326 3411 61
352 3349 429 3412 haec
451 3349 597 3412 adnotat:
621 3345 783 3411 ἕποιύοοιτο·
807 3345 867 3411 clari
889 3351 944 3410 τῶν
968 3345 1139 3427 ὑποζυγίων·
1162 3344 1220 3411 ὅθεν

110 3459 163 3525 aa)
196 3460 229 3525 τὸ
259 3461 390 3542 stilpon
419 3459 523 3542 Φέρειν.
545 3462 589 3525 At
614 3462 773 3545 quomodo
797 3463 874 3526 haec
898 3463 1119 3547 requiescendi
1140 3463 1221 3526 ratio

111 3575 185 3640 eui
209 3575 319 3638 natiue
341 3573 433 3638 uerbi
457 3576 499 3639 sit
522 3574 684 3657 elicienda,
707 3575 871 3638 nonsatis
895 3575 1221 3659 apparetPasscuius

109 3689 165 3752 ille
198 3689 423 3772 interpretatur
453 3689 599 3772 quidem:
634 3689 681 3770 „si
707 3690 782 3772 iugo
806 3688 948 3752 solutum
972 3693 1020 3753 est
1042 3691 1222 3753 iumentum

111 3801 228 3866 collum
261 3801 397 3866 liberum
428 3802 540 3885 recipit
569 3806 665 3886 atque
692 3820 726 3866 se
749 3800 879 3885 reficit”‚
902 3802 958 3866 sed
980 3803 1058 3866 haec
1081 3802 1223 3867 scribens

110 3935 179 3980 rem
201 3917 304 4000 ipsam
327 3915 472 3998 declarat,
491 3915 580 3979 nullo
601 3916 693 3979 modo
713 3914 852 3980 illustrat
863 3915 954 3979 uerbi
966 3917 1032 3979 uim
1044 3917 1221 4000 propriam3

111 4029 215 4093 adhuc
232 4030 330 4112 igitur
351 4029 567 4113 quaerendum
587 4034 684 4093 restat
704 4050 768 4113 qua
787 4031 917 4094 notione
929 4029 1065 4094 uerbum
1078 4029 1117 4093 ab
1130 4031 1221 4094 initio

110 4142 289 4228 praeditum
320 4144 360 4206 sit
391 4148 421 4207 et
450 4142 608 4226 quomodo
630 4142 685 4206 illa
707 4143 927 4226 requiescendi
950 4143 1001 4207 uis
1025 4161 1066 4207 ex
1088 4143 1145 4206 illa
1167 4162 1223 4207 no-

113 4287 257 4298 ,-.-

144 4351 172 4418 ο)
189 4352 239 4405 cn.
257 4352 330 4404 nato
347 4352 456 4420 uuaya
474 4351 556 4406 assa.
574 4353 645 4420 serp.
661 4352 686 4422 ο,
702 4351 751 4405 raa
765 4352 795 4406 Β.
