3098 4980
749 488 811 549 112

258 671 384 737 Iudices
419 675 475 756 qui
507 673 695 737 certantium
724 675 796 757 quis
829 671 940 739 uicerit
964 677 1080 759 cuique
1103 679 1244 760 praemia
1269 679 1333 742 sint

213 788 317 852 denda
340 788 514 852 decernunt
536 806 649 870 graece
672 787 823 851 dicuntur
849 786 975 867 βραβῆς.
996 790 1092 874 Apud
1112 789 1333 872 Thucydidem

214 901 455 978 ἀγωνοθετοῦντος
484 906 639 965 uocantur
663 902 691 977 3,
715 902 766 984 38,
789 903 810 964 4
834 897 916 965 αἴτιοι
939 901 966 965 δ’
990 902 1074 980 ὑμεῖς
1098 908 1195 976 κακῶς
1219 903 1335 982 σἰγανο-

216 1015 370 1098 θετοῦντες,
394 1034 458 1098 quo
480 1015 548 1079 loco
571 1014 760 1079 translatum
785 1016 883 1079 estid
903 1016 1103 1083 vocabulum.
1126 1017 1188 1084 cfr.
1201 1020 1233 1101 3,
1248 1020 1336 1104 37,4

215 1127 308 1208 κριταὶ
344 1128 369 1192 δ’
404 1127 482 1199 ὄντες
517 1128 576 1192 ατο
607 1132 658 1191 τοῦ
681 1125 741 1192 ἴσον
765 1133 881 1205 μᾶλλον
905 1127 921 1202 θ
944 1130 1105 1207 ἀγωνισταὶ
1127 1132 1270 1211 θρθοῦντσιι
1293 1132 1336 1196 rot

215 1243 313 1314 τλεθω,
346 1246 401 1328 qui
432 1244 554 1309 iudices
587 1245 680 1326 aequi
715 1250 872 1308 certamen
904 1244 1078 1310 decernunt
1101 1249 1206 1330 potius
1233 1267 1333 1332 quam

218 1358 281 1441 ipsi
303 1362 432 1439 certant,
455 1359 494 1421 iis
517 1358 654 1441 plurima
676 1377 822 1441 prospere
846 1359 1015 1424 succedere
1038 1360 1114 1424 dicit
1138 1360 1245 1430 Cleon.
1268 1360 1333 1438 Qui

222 1474 286 1536 sint
313 1472 351 1542 hi
385 1470 480 1550 κριταί
511 1470 609 1536 uerba
643 1491 725 1555 quae
756 1473 947 1537 antecedunt
979 1492 1124 1558 quaeque
1147 1480 1335 1559 sequuntur

219 1587 296 1649 satis
329 1586 508 1650 ostendunt
541 1584 629 1650 Haeo
660 1605 754 1670 porro
779 1587 828 1651 his
851 1587 958 1652 uerbis
982 1587 1131 1654 adiuncta
1155 1593 1202 1654 est
1226 1592 1332 1654 notio:

218 1719 282 1763 uon
306 1699 344 1764 de
366 1701 490 1784 reipsa
513 1705 671 1771 certamen
695 1701 817 1783 ineunt,
840 1701 895 1766 sed
918 1706 954 1767 ut
974 1707 1141 1786 quaestum
1161 1702 1280 1767 faciant
1299 1708 1332 1768 et

218 1814 337 1898 priores
361 1819 455 1898 agant
478 1818 588 1897 partes.

263 1928 387 2012 Agmen
411 1927 559 1991 claudant
586 1946 667 2011 quae
692 1929 719 2010 1,
744 1929 795 2009 39,
821 1929 837 1991 1
862 1930 1091 1993 inueniuntur:
1114 1927 1165 1992 καὶ
1189 1927 1270 2008 Φασὶ
1295 1929 1331 2001 δὴ

219 2040 281 2122 δθκγ
313 2038 440 2121 πρότερον
463 2041 595 2114 ἐθελῆσαι
617 2040 764 2120 κρίνεσθαι,
788 2038 821 2113 ἥν
844 2065 880 2118 γε
903 2042 933 2105 οθ
956 2042 1004 2105 τὸν
1027 2039 1192 2122 τροθχσντα
1215 2041 1267 2106 καὶ
1294 2044 1327 2107 ἕιι

220 2158 270 2218 τοῦ
300 2154 457 2235 οὶσΦαλοῦς
487 2152 716 2234 προκαλούμενον
747 2153 842 2231 λέγειν
873 2178 901 2217 τι
920 2144 1025 2219 ’δοκεῖν
1049 2155 1080 2219 δε

221 2266 279 2332 ἴσον
307 2266 347 2333 τοθ
372 2292 404 2332 τε
427 2268 498 2348 ἔργα
520 2267 571 2331 καὶ
595 2268 661 2340 τοὺς
683 2266 788 2345 λόγους
812 2266 877 2349 πρὶν
900 2267 1117 2350 διαγωνίζεσθαι
1140 2268 1333 2335 ιιαθιστσθντοι.

223 2381 285 2458 Qui
307 2388 457 2467 prouocat
480 2383 519 2446 ad
542 2403 681 2467 pugnam
704 2384 738 2446 iu
762 2383 870 2448 eadem
890 2404 954 2468 que
972 2384 1175 2449 aduersarius
1195 2385 1239 2449 sit
1259 2404 1335 2449 con·

223 2496 340 2561 ditione
364 2502 491 2581 oportet.
513 2495 603 2561 Ludo
627 2499 711 2562 enim
735 2499 816 2562 seria
839 2500 935 2562 uertit
959 2499 1014 2582 qui
1038 2517 1110 2563 oum
1135 2500 1332 2583 superiorem

225 2609 429 2696 (προύχοντα)
456 2629 490 2675 se
513 2613 609 2675 sentit
631 2616 725 2694 atque
748 2613 781 2674 in
805 2616 874 2674 tuto
901 2610 952 2697 (ἐκ
976 2616 1026 2676 τοῦ
1046 2610 1205 2693 ἀσφαλοῦς
1226 2635 1334 2694 τροιια-

219 2723 375 2811 λοθαενον)
408 2726 496 2790 alteri
520 2745 659 2810 pugnam
684 2731 720 2790 ut
742 2745 850 2789 secum
874 2729 960 2790 ineat
982 2728 1137 2811 proponit.
1164 2724 1332 2793 Certamen

219 2839 258 2904 de
281 2859 344 2923 quo
368 2840 473 2923 agitur
495 2841 553 2903 erit
577 2840 760 2923 disceptatio
783 2839 958 2923 iudiciaria,
982 2859 1063 2924 quae
1084 2843 1111 2904 si
1131 2841 1215 2905 iusta
1235 2846 1331 2926 atque

218 2972 320 3037 aequa
350 2955 391 3018 sit
420 2953 536 3036 futura,
566 2973 657 3037 pares
688 2955 752 3018 sint
773 2953 932 3038 litigantes
956 2959 1084 3038 oportet.
1108 2953 1206 3020 Hunc
1231 2974 1327 3042 quem

218 3069 352 3152 exposui
383 3067 476 3132 credo
507 3067 679 3132 uerborum
710 3087 779 3133 esse
809 3086 948 3152 sensum,
979 3073 1010 3133 et
1040 3088 1145 3135 errare
1170 3071 1332 3155 uidentur,

222 3183 279 3264 qui
310 3185 346 3244 ut
375 3180 512 3266 Uigerus
537 3182 578 3245 98
602 3184 649 3245 sio
671 3182 830 3265 explicare
853 3187 1024 3247 conantur:
1050 3184 1106 3267 qui
1129 3184 1217 3267 peria
1239 3185 1333 3250 faeiat

224 3294 307 3359 dicta
336 3299 366 3359 et
394 3294 484 3378 facta,
511 3296 531 3357 i.
544 3313 568 3358 e.
601 3295 656 3378 qui
688 3313 813 3360 omnem
840 3295 1011 3360 uerborum
1041 3295 1136 3362 fidem
1158 3298 1250 3365 fectis
1273 3301 1332 3364 im-

223 3409 388 3492 pleueriut,
418 3413 449 3474 et
471 3408 524 3471 alii
546 3410 592 3472 sic
613 3409 871 3492 interpretantes:
895 3410 951 3494 qui
973 3409 1055 3474 facta
1077 3410 1185 3476 uerbis
1207 3417 1332 3497 aequat,

224 3528 279 3588 aut
309 3525 370 3587 sic:
396 3523 452 3607 qui
474 3527 505 3587 et
526 3522 617 3587 factis
640 3528 671 3587 et
694 3523 785 3588 dictis
808 3525 924 3607 pariter
947 3526 1137 3609 aequitatem
1157 3527 1280 3606 retinet,
1301 3533 1332 3593 et

220 3633 360 3702 Haasius
389 3637 481 3702 euius
511 3636 657 3702 enodatio
687 3637 764 3701 haec
793 3641 856 3702 est:
882 3639 938 3722 qui
962 3657 1064 3723 aequo
1086 3639 1204 3704 iudicio
1228 3645 1259 3706 et
1281 3659 1331 3707 res

220 3755 251 3816 et
273 3751 370 3817 uerba
391 3750 516 3817 subicit.
540 3750 639 3814 Porro
663 3750 748 3835 quod
772 3750 811 3814 ad
835 3751 934 3816 uerba
959 3751 1007 3834 »ἐς
1030 3747 1088 3815 ἴσον
1111 3749 1329 3818 ratersdorff

221 3866 249 3946 1,
281 3865 352 3948 121,
383 3868 404 3928 4
427 3869 458 3928 et
481 3883 562 3949 quae
586 3863 625 3928 ad
648 3864 733 3927 huuc
755 3862 861 3928 locum
885 3863 1093 3929 disseruimus
1117 3865 1329 3932 conferantur.

262 3979 293 4041 A
319 3981 387 4043 uita
408 3981 533 4064 priuata
555 3978 594 4042 ad
615 3977 777 4062 publicam
801 3982 1008 4063 transeamus,
1029 3980 1234 4065 primumque
1256 4001 1330 4067 age·

220 4113 292 4157 mus
316 4093 355 4158 de
377 4113 412 4158 re
435 4093 574 4158 militari.
