3038 4980
815 445 857 508 88

292 633 466 699 Scholiasta
495 633 572 697 haec
604 636 750 696 annotat:
773 635 827 704 τῆς
846 627 956 703 πόλεως
979 632 1060 710 ἡμῶν
1083 632 1134 696 οὐκ
1158 633 1186 696 ἕν
1209 633 1248 713 τῷ
1271 633 1419 715 ἀσφαλεῖ

291 744 442 827 διανύσας·
473 744 678 824 μετενήνεκται
709 744 740 810 δὲ
771 745 803 810 τὸ
833 743 924 822 ὄνομα
951 744 1010 809 olari
1032 748 1088 809 τῶν
1111 745 1216 810 πλοίων
1238 751 1296 811 τῶν
1321 746 1412 826 μήνιεν

222 892 227 902 ·
293 858 485 942 upapam.
507 861 593 926 Urbs
617 863 715 946 igitur
739 865 941 945 comparatur
964 881 1039 925 cum
1059 881 1150 946 naue,
1172 882 1253 946 quae
1264 864 1412 929 nondum

293 979 383 1043 salua
404 979 438 1040 in
461 979 555 1060 portu
579 979 626 1040 est
650 975 821 1063 collocata.⁸
844 974 848 983 '

338 1091 490 1156 Eiusdem
522 1093 598 1155 sunt
620 1090 746 1174 generis
768 1089 1001 1173 translationes,
1025 1110 1104 1173 quas
1128 1091 1239 1174 genuit
1262 1089 1412 1171 ἀνακωχή.

294 1205 426 1289 Proprie
449 1204 566 1267 dicitur
588 1203 627 1267 de
650 1201 797 1268 nauibus.
822 1202 904 1266 Nam
929 1201 1119 1282 ἀνακωχεύειν
1138 1222 1239 1269 naues
1253 1204 1416 1289 dicuntur,

297 1324 333 1384 ut
355 1318 538 1400 Hesychius
560 1316 652 1382 nobis
675 1322 723 1382 est
746 1321 865 1400 auctor,
888 1313 958 1380 ὅταν
977 1319 1121 1396 χειμῶνος
1141 1314 1219 1390 ὄντας
1239 1318 1267 1380 ἕν
1287 1315 1415 1396 πελάγει

297 1431 464 1504 στείλαντες
486 1428 527 1494 ταὶ
549 1427 661 1510 ἄρμενα
684 1430 773 1494 αὐτοῦ
797 1427 971 1506 σαλεύασιν;
996 1433 1072 1495 item
1094 1433 1323 1516 intorpretatur
1342 1431 1415 1497 Sui-

299 1549 355 1612 das
379 1583 419 1592 -
445 1542 595 1609 rnilitum
618 1543 780 1618 στήσαντες
803 1543 939 1609 ἕσαλεααν
964 1584 1005 1593 -
1028 1547 1063 1609 in
1087 1547 1211 1611 ancoris
1232 1548 1413 1612 consistere.

297 1661 459 1725 Translate
481 1661 583 1724 utitur
605 1658 804 1741 Thucydides
829 1660 867 1723 de
889 1659 1025 1724 indutiis
1049 1661 1225 1743 (nunquam
1245 1679 1324 1725 uero
1343 1662 1415 1726 reli·

300 1777 356 1859 qui
387 1774 556 1857 scriptores
587 1774 706 1855 Attici).
739 1773 766 1855 1,
798 1772 857 1854 66,
889 1773 916 1850 1,
938 1772 992 1856 40,
1014 1774 1053 1854 43
1077 1775 1107 1856 4,
1132 1774 1183 1856 38,
1207 1773 1243 1855 13
1269 1775 1299 1857 3,
1321 1775 1352 1858 4,
1377 1775 1413 1856 33

301 1889 330 1970 5,
361 1887 412 1970 26,
444 1887 480 1968 3;
512 1887 541 1968 5,
565 1887 617 1969 32,
641 1886 676 1967 7,
702 1887 731 1968 5,
755 1886 806 1968 25,
831 1887 858 1949 3.
882 1885 1016 1970 Saepius
1040 1888 1135 1951 etiam
1159 1888 1261 1951 utitur
1284 1886 1414 1953 Cassius

300 2000 372 2065 Dio.
404 2001 515 2066 Utitur
545 2002 638 2064 etiam
670 1999 709 2063 de
739 2000 830 2063 malis
853 1999 1054 2082 Thucydides
1076 2002 1121 2065 ita
1142 2005 1180 2066 ut
1200 2001 1287 2066 idem
1310 2003 1415 2068 ualeat

300 2119 396 2199 atque
418 2111 593 2191 ἀνάπαυλα,
616 2113 646 2196 4,
672 2113 744 2196 117,
769 2114 796 2176 1.

345 2227 435 2293 Haec
462 2229 615 2312 leguntur
644 2229 674 2310 8,
704 2227 756 2309 87,
779 2230 800 2291 4
823 2224 888 2304 ἐμοὶ
912 2224 1009 2300 μέντοι
1032 2226 1112 2291 δοκεῖ
1131 2225 1322 2309 σαφέστατον
1346 2224 1415 2294 εἶναι

302 2341 451 2422 διατριβῆς
481 2339 564 2405 ἕνεκα
595 2337 646 2404 καὶ
678 2340 830 2420 ανοκαχῆς
860 2343 916 2404 τῶν
947 2341 1123 2414 Ἑλληνικῶν
1153 2342 1186 2406 τὸ
1214 2342 1345 2407 ναυτικὸν
1368 2344 1417 2408 οὐκ

302 2455 439 2534 αγαγεῖν.
471 2454 564 2532 Quod
593 2457 738 2540 proxime
762 2457 907 2539 sequitur
929 2453 1062 2527 ανίσασις
1086 2457 1236 2541 quodque
1258 2460 1417 2541 praecedit

302 2569 437 2648 ιἰνακαχή
456 2571 596 2634 inuicem
609 2587 678 2633 sese
690 2571 948 2654 interpretantur.
961 2569 1024 2635 Res
1038 2569 1231 2635 Graecorum
1244 2591 1419 2657 suspensas

304 2688 411 2747 tenere
441 2684 533 2747 modo
563 2684 614 2747 his
637 2683 731 2746 modo
754 2682 816 2748 illis
839 2683 991 2767 fauentes,
1015 2690 1052 2749 ut
1075 2685 1155 2750 bene
1177 2685 1311 2767 Portus,
1338 2707 1420 2771 quae

304 2797 392 2860 notio
419 2815 460 2860 ex
483 2797 517 2860 ui
541 2815 648 2860 morae
671 2801 702 2860 et
725 2799 996 2880 tergiuersationis
1019 2797 1111 2863 facile
1134 2799 1247 2883 prodit.
1272 2798 1421 2866 Occurrit

305 2911 400 2973 etiam
427 2907 562 2973 uerbum
586 2909 763 2974 obsoletum
786 2907 922 2989 διακαχκ.
948 2913 976 2991 3,
999 2912 1051 2994 87,
1077 2913 1106 2975 1.
1128 2911 1302 2978 Scholiasta
1323 2916 1421 2980 inter-

306 3027 447 3107 pretatur
469 3019 623 3102 διαλειψις,
644 3027 675 3087 et
693 3024 826 3088 eandem
846 3025 939 3088 habet
959 3028 1147 3090 sententiam
1168 3032 1264 3111 atque
1283 3029 1420 3110 ἀνακωχή

307 3138 337 3219 4,
370 3137 442 3219 117,
474 3138 502 3219 1,
531 3137 660 3201 morbus
692 3156 758 3201 non
789 3140 918 3202 omnino
942 3140 1077 3205 desierat
1099 3139 1212 3224 furere,
1236 3143 1292 3206 sed
1314 3147 1422 3209 tamen

303 3251 497 3314 intermissio
519 3249 601 3314 facta
623 3249 728 3339 fuerat
742 3250 777 3334 ¹).

350 3364 418 3428 Aut
441 3364 523 3428 uelis
545 3369 601 3428 aut
622 3366 727 3448 remis,
750 3371 846 3448 prout
868 3385 919 3430 res
942 3367 1091 3451 postulat,
1110 3372 1247 3433 utuntur
1267 3372 1424 3456 nauigan-

307 3482 364 3544 tes.
387 3477 563 3542 Translatio
586 3477 660 3542 inde
682 3479 780 3561 petita
802 3478 968 3542 inuenitur
990 3481 1021 3562 4,
1044 3479 1097 3564 60,
1119 3483 1138 3542 2
1162 3487 1216 3553 τῆς
1239 3480 1338 3561 ἀρχῆς
1358 3506 1423 3565 apa

308 3588 478 3674 κοπτόντων,
508 3592 536 3674 7,
568 3590 619 3674 56,
650 3593 669 3654 3
701 3595 764 3655 Ταῦ
796 3595 929 3656 ναυτικοῦ
954 3590 1037 3671 μέγα
1060 3591 1268 3674 τρακὸψαντες.
1293 3597 1357 3662 Sed
1378 3600 1424 3662 nil

309 3707 409 3790 magis
439 3726 458 3769 a
488 3708 622 3771 ueritate
652 3706 807 3791 abhorret,
834 3709 973 3774 clamant
995 3712 1059 3774 uiri
1082 3710 1165 3774 docti
1187 3712 1334 3796 undique
1357 3733 1424 3798 pro·

308 3821 451 3886 deuntes.
480 3821 524 3884 At
553 3821 643 3885 litem
674 3823 880 3888 instituamus
910 3844 1041 3907 remque
1073 3828 1171 3888 totam
1195 3825 1341 3889 iudicum
1365 3831 1424 3890 tra·

311 3935 423 3999 damus
447 3937 622 4001 sententiis.
644 3934 791 4000 Primum
815 3937 970 4021 proferam
994 3940 1051 4021 qui
1075 3939 1293 4003 testimonium
1316 3940 1352 4003 in
1375 3959 1426 4004 me

342 4201 368 4268 1)
387 4203 443 4255 Huc
467 4202 599 4256 referenda
623 4206 698 4257 credo
723 4221 789 4272 quae
812 4207 933 4273 leguntur
956 4206 982 4273 7,
1005 4206 1045 4274 77,
1063 4207 1079 4257 2
1096 4211 1134 4256 νῦν
1151 4206 1173 4258 ἐν
1192 4214 1225 4272 τῷ
1243 4207 1308 4274 αὐτῷ
1327 4209 1420 4274 κινδύνῳ

309 4299 361 4352 ταῖς
378 4295 542 4358 φαυλοτάταις
558 4296 694 4359 catapotium.
