3038 4980
738 519 780 581 83

200 705 311 788 eapitis
329 703 438 787 uerba,
453 705 487 767 in
498 704 608 787 primis
621 704 714 767 haee:
730 703 767 786 ,ἡ
779 701 860 781 μετὰ
870 706 921 767 τοῦ
935 703 1153 780 μαλακισθῆναι
1165 699 1312 775 κύκυονς”

199 835 288 880 meae
310 816 420 881 fauent
443 818 624 881 sententiae.
647 817 799 900 Siquem
824 817 905 881 forte
927 819 1131 882 aecusatiuus
1155 836 1249 882 casus
1269 816 1314 880 of·

198 930 307 1013 tendit,
335 930 437 994 multo
461 931 575 995 melius
598 951 655 1014 pro
679 932 861 995 aoousatiuo
885 919 1024 1015 recipiet
1037 933 1228 1014 genitiuum.
1254 929 1315 994 Ofr.

133 1021 136 1026 ⁴
199 1045 230 1126 4,
257 1045 329 1127 124,
353 1045 383 1127 4,
406 1049 460 1116 της
483 1067 516 1107 τε
539 1041 656 1117 Μένδης
679 1043 885 1124 περιορώμενος.

245 1154 397 1221 Omnium
432 1162 480 1221 est
503 1157 668 1221 hominum
691 1159 794 1222 uitare
817 1156 965 1242 ambages
987 1159 1138 1241 uiamque
1164 1174 1316 1241 quaerere

199 1271 385 1354 propiorem.
415 1270 468 1334 Ex
502 1271 562 1334 hoc
595 1290 724 1355 quoque
756 1271 843 1335 fonte
878 1263 1101 1336 translationes
1135 1274 1315 1334 manarunt.

199 1383 331 1467 Proprie
367 1383 483 1448 dicitur
516 1381 681 1462 ξυντέμνενν
715 1381 786 1468 ύδύν,
817 1386 870 1450 uel
900 1385 1032 1449 breuius
1056 1381 1228 1462 ξυντέμνενν.
1254 1382 1316 1446 Ofr.

200 1497 318 1562 Herod.
344 1501 372 1582 7,
397 1499 640 1581 12331huoyd.
665 1502 695 1583 2,
720 1501 771 1584 97,
794 1502 821 1563 l.
845 1499 924 1565 lnde
947 1505 1058 1564 natum
1083 1504 1130 1564 est
1149 1495 1315 1575 ξυντὲμνενν

199 1608 313 1688 λύγους,
337 1611 392 1675 efr.
414 1612 576 1698 Aristoph.
599 1613 724 1679 Thesm.
751 1614 813 1676 178
837 1618 868 1677 et
891 1609 937 1676 ἵνα
961 1610 1093 1691 συντέμω
1111 1617 1147 1676 ut
1158 1610 1250 1676 Dem.
1264 1612 1315 1693 24,

202 1726 252 1788 14.
275 1725 358 1791 Plat.
383 1725 509 1810 Protag.
534 1728 597 1790 334
620 1725 667 1807 D;
690 1725 821 1809 „breui”
834 1725 1314 1791 dieuntLatini.Translationes

202 1840 262 1903 hae
292 1845 385 1903 sunt:
415 1842 444 1924 7,
468 1842 520 1923 42,
545 1842 563 1903 5
586 1837 796 1918 ξυντομωτύτη
820 1838 1042 1918 δναπολέμηονς.
1067 1842 1097 1924 8,
1121 1839 1173 1923 86,
1198 1839 1216 1901 6
1240 1837 1264 1901 εἰ
1287 1836 1318 1900 δ’

201 1952 230 2025 ἐς
254 1950 401 2016 εὐτέλειαν
423 1977 451 2016 τι
474 1950 681 2038 ξυντέτμηταυ,
706 1956 734 2019 si
752 1956 964 2038 parsimoniae
983 1955 1147 2019 studentes
1168 1957 1317 2035 sumptus

201 2067 327 2151 aliquot
356 2068 541 2133 reciderent.
565 2068 626 2132 Cfr.
650 2068 736 2133 Suet.
759 2069 824 2133 Tib.
849 2068 909 2132 34:
932 2068 1094 2133 Mercedes
1116 2069 1316 2133 scenicorum

202 2180 354 2246 recidere.
384 2183 415 2265 8,
444 2184 496 2266 45,
520 2184 538 2245 2
563 2178 716 2260 ξυνέτεμεν
740 2181 793 2255 την
815 2179 1001 2263 μνούοφορύν.
1026 2182 1202 2246 Scholiasta
1223 2183 1317 2245 inter·

202 2299 362 2377 pretatur:
385 2295 424 2366 εἰς
448 2293 543 2373 ὀλίγον
566 2292 736 2369 aenaeam.
761 2295 954 2380 Interpretes
978 2296 1109 2380 quidam
1131 2295 1229 2360 uerbo
1242 2295 1318 2358 huie

204 2408 357 2472 translato
388 2409 644 2493 explanationem
676 2416 713 2473 ut
735 2409 913 2494 adhibeant,
936 2410 1043 2493 uerba,
1067 2428 1148 2493 quae
1174 2411 1202 2492 7,
1222 2408 1273 2486 36,
1297 2409 1317 2470 2

200 2524 369 2606 leguntur:
406 2521 458 2587 aul
495 2523 550 2595 τας
584 2521 697 2604 πρῴρας
730 2528 787 2587 τῶν
817 2527 883 2588 νεῶν
913 2520 1102 2602 ξυντεμόντες
1132 2524 1161 2596 ἐς
1184 2519 1317 2594 ἔλασσον,

200 2637 334 2702 laudant
356 2638 548 2722 exemplum.
573 2637 634 2703 Sed
657 2640 790 2719 iniuria,
814 2639 894 2702 nihil
919 2640 1003 2703 enim
1027 2638 1148 2702 faciunt
1167 2637 1207 2700 ad
1225 2636 1258 2699 id
1279 2636 1318 2700 de

202 2769 267 2833 quo
290 2752 403 2835 agitur,
427 2771 501 2814 eum
525 2753 629 2815 omnis
647 2751 811 2815 translatio
834 2751 925 2815 absit.
944 2751 1092 2815 Breuiter
1105 2751 1317 2835 perstringere

204 2864 312 2946 uolui;
347 2885 449 2928 unum
484 2870 589 2929 tamen
620 2865 697 2928 mihi
721 2866 784 2928 iam
808 2884 918 2949 rogare
940 2867 1042 2929 liceat.
1067 2864 1132 2928 Cur
1155 2864 1316 2928 neminem

202 2977 334 3041 offendit
363 2979 443 3043 illud
467 2978 496 3050 ἐς
518 2975 667 3042 imaeue?
692 2978 744 3042 Me
770 2979 898 3062 quidem
922 2979 1095 3042 sollicitum
1119 2977 1220 3060 habet,
1243 2995 1317 3040 eum

201 3091 310 3174 inepte
332 3094 449 3156 iterum
473 3092 664 3177 adiungatur
688 3091 775 3176 quod
797 3093 859 3175 ipsi
883 3093 967 3156 inest
990 3091 1097 3155 uerbo.

247 3205 371 3270 Uiatori
394 3226 628 3290 nonnunquam
652 3226 733 3290 opus
756 3210 863 3270 estut
888 3207 1040 3290 quiescat.
1061 3203 1121 3267 Cfr.
1141 3204 1232 3268 Plato
1243 3202 1320 3287 Leg.

156 3350 159 3356 ·
202 3321 229 3403 I,
259 3319 322 3383 625
346 3320 373 3383 B
396 3319 570 3384 οὶνύταυλα.
594 3319 828 3384 Translationes
851 3320 926 3384 inde
948 3321 1064 3403 petitae
1085 3320 1317 3383 inueniuntur:

204 3435 234 3517 2,
259 3435 310 3517 38,
335 3436 371 3516 1;
396 3435 426 3516 4,
449 3435 500 3515 20,
525 3436 555 3517 2,
578 3433 631 3497 cfr.
654 3433 734 3498 Plat.
758 3434 837 3498 Phil.
864 3436 904 3499 30
924 3433 959 3497 Ε.
980 3433 1023 3498 Ut
1043 3433 1156 3497 melius
1177 3434 1319 3516 quiescat

203 3566 297 3631 saepe
332 3547 503 3612 diuertitur
538 3551 642 3612 uiator
676 3551 833 3633 equisque
864 3551 933 3613 suis
966 3547 1063 3612 demit
1085 3549 1207 3630 iugum.
1230 3545 1319 3610 Haec

202 3663 278 3726 inde
308 3662 490 3726 translatio:
518 3663 546 3744 1,
571 3662 644 3746 136,
668 3664 686 3725 2
712 3660 916 3742 οἱναγκούζεταν
943 3660 976 3747 (ὅ
1000 3659 1222 3745 Θεμιστοκλῆς)
1247 3658 1317 3739 παρ’

202 3772 360 3853 ’Ἄδμητον
383 3774 453 3839 ύντα
475 3775 556 3854 αὐτῷ
579 3776 610 3839 ού
635 3775 721 3856 Φίλον
743 3780 925 3840 καταλῦσαι.
950 3775 1010 3839 Ofr.
1033 3776 1127 3840 Hom.
1148 3773 1205 3839 Od.
1225 3775 1255 3856 4,
1275 3774 1317 3835 28

202 3889 412 3968 καταλύσομεν
443 3886 557 3962 ἵππους.
589 3889 669 3954 Plat.
697 3890 823 3955 Theaet.
847 3891 909 3955 142
934 3888 958 3954 G
981 3892 1043 3961 πῶς
1065 3890 1116 3953 ούκ
1139 3888 1228 3951 αὐτοῦ
1252 3893 1316 3949 Με-

202 4009 293 4084 γαροῖ
312 4002 460 4067 κατέλυεν.
486 4002 548 4080 Qui
571 4005 702 4088 segnius
722 4005 864 4088 procedit
884 4004 999 4068 dieitur
1010 4001 1192 4084 βραδύτερος.
1204 4002 1317 4065 Trans·

204 4119 280 4182 latio
311 4117 386 4181 inde
417 4122 544 4201 sumpta
575 4119 740 4182 inuenitur
771 4119 801 4199 4,
825 4119 875 4200 34,
901 4119 917 4179 1
943 4113 1132 4196 βραδυτέρους
1154 4113 1208 4188 ἤδη
1232 4111 1319 4184 ὄντας

205 4231 246 4311 τῷ
270 4228 455 4307 αἰμύνασύανε
480 4229 666 4315 defatigatos
687 4231 909 4315 propulsandis
931 4231 1086 4295 hostibus.

252 4343 483 4427 Impedimenta
511 4345 547 4407 in
577 4346 632 4409 uia
658 4345 715 4409 has
738 4349 909 4409 mouerunt
932 4345 1172 4409 translationes:
1196 4341 1318 4421 κωλύμη
