3038 4980
613 491 675 565 125

83 694 120 753 ut
153 689 238 754 idem
272 692 354 754 esset
390 688 473 772 quod
507 688 655 772 prodesse
685 688 738 752 uel
769 687 929 752 adiuuare.
961 685 1021 750 Cir.
1047 689 1076 769 3,
1101 686 1195 770 36,2

81 798 391 881 προσξνμβοίλλεσίαι.
415 801 494 865 Plat.
518 802 609 884 Apol.
637 800 678 864 36
699 801 747 880 A,
766 799 859 884 Legg.
876 800 903 882 7,
918 800 978 861 791
993 798 1196 885 C;Xen0ph.

85 916 156 998 Cyr.
182 917 210 1000 1,
233 917 263 999 2,
286 917 324 995 83
349 915 432 980 Hell.
458 916 539 998 7,1,
565 916 615 979 35.

128 1028 267 1110 Πορισταί
292 1032 419 1115 proprie
446 1034 530 1104 sunt,
554 1027 733 1092 51185151.
757 1030 791 1091 in
815 1027 976 1111 Aristoph.
1000 1025 1078 1090 Rau,
1104 1027 1200 1110 1501,

85 1141 107 1204 οί
133 1140 195 1222 περὶ
225 1140 308 1222 πόρου
338 1138 501 1222 χρημάτων
532 1138 738 1223 εἰσηγούμενοι,
762 1140 815 1204 cfr.
839 1140 957 1204 Booth.
982 1138 1053 1204 Oen.
1078 1138 1146 1203 Ciu.
1172 1140 1203 1221 1,

86 1258 167 1338 225,
201 1258 231 1338 8,
261 1258 312 1339 48,
345 1259 363 1320 5
391 1257 507 1341 legitur
529 1254 660 1336 πορισταὶ
685 1258 739 1317 τῶν
762 1259 867 1318 κακῶν.
891 1255 953 1319 Hic
976 1256 1073 1340 igitur
1096 1261 1203 1319 trans-

85 1370 185 1434 latum
212 1376 260 1435 est
283 1389 393 1435 eorum
415 1390 541 1436 nomen.

128 1482 201 1546 Non
231 1485 496 1567 praetereundum
530 1484 657 1548 uidetur
686 1481 862 1563 aspiceretur
885 1482 1045 1563 χρήματα.
1068 1483 1201 1567 Propria

86 1596 200 1660 horum
232 1597 403 1661 uerborum
434 1599 486 1662 uis
518 1603 566 1662 est
591 1597 709 1661 tributa
733 1599 876 1682 exigere,
901 1598 956 1661 sed
981 1600 1010 1681 4,
1034 1597 1085 1680 65,
1109 1599 1128 1661 3
1152 1598 1203 1660 his

86 1708 194 1773 uerbis
217 1711 378 1775 translatis
401 1710 559 1774 indicatur
582 1730 692 1794 poena,
716 1730 796 1794 quae
819 1710 857 1774 ab
881 1711 1120 1791 Eurymedonte
1133 1712 1201 1774 exi-

86 1825 181 1907 gitur.
215 1823 274 1887 Cfr.
307 1826 337 1906 2,
368 1825 419 1907 65,
451 1826 469 1888 3
498 1823 663 1902 ἕζκμίωσαν
686 1824 847 1904 χρήμασιν.
872 1825 976 1890 Sensu
999 1826 1125 1909 proprio
1151 1846 1203 1889 oc-

86 1938 187 2000 currit
218 1937 247 2018 6,
279 1939 329 2019 54,
361 1940 379 1999 5
410 1936 537 2008 εἰκοστὴν
568 1936 759 2016 πρασσόμενα
788 1940 870 2020 518,
895 1940 923 2023 5,
950 1940 968 2001 5
992 1937 1200 2018 πεπραγμένος

86 2048 198 2129 Φίρονς.

130 2163 321 2248 Respublica
350 2170 387 2229 ut
411 2167 452 2229 sit
474 2170 543 2229 tuta
567 2186 603 2229 ac
627 2185 748 2248 secura,
772 2186 851 2249 epus
871 2170 918 2229 est
941 2166 1103 2232 iudicibus
1127 2186 1199 2231 reos

86 2280 143 2363 qui
165 2280 259 2343 iustis
281 2284 513 2362 persequantur
536 2281 656 2363 poenis.

130 2391 307 2457 Videamus
341 2392 562 2457 translationes
596 2393 688 2456 ualde
721 2392 902 2475 frequentes
938 2392 1012 2456 inde
1033 2393 1200 2476 profectas.

86 2507 116 2587 3,
147 2505 198 2587 46,
228 2507 249 2568 4
280 2503 422 2577 δικαστὰς
443 2509 498 2567 τῶν
520 2502 779 2585 ἐξαμαρτανόντων
801 2503 938 2596 οέκριβεῖς,
962 2504 1022 2569 Otr.
1047 2507 1075 2588 3,
1099 2506 1153 2589 52,
1178 2508 1197 2569 2

86 2615 138 2682 καί
163 2618 317 2691 δικασταῖς
340 2618 450 2690 ἐκείνοις
473 2620 650 2698 χρίσασθαι.

131 2731 171 2794 11
200 2735 252 2797 ius
282 2753 396 2798 uocare
426 2752 580 2816 reumque
609 2733 712 2798 fecere
742 2734 881 2817 aliquem
904 2733 1201 2797 11151151ἐπικακεῐν.

85 2843 250 2910 Translate
281 2865 377 2910 sensu
409 2848 546 2910 occurrit
578 2847 605 2928 5,
637 2848 688 2927 59,
713 2848 731 2908 5
756 2842 782 2908 εί
802 2869 829 2908 τι
852 2846 1036 2911 ἐπικαλοῦσιν
1060 2846 1200 2927 Ἀργείοις

88 2958 323 3035 Λακεδαιμόνιοι.
355 2957 443 3035 Quae
473 2960 569 3024 uerba
599 2960 743 3043 proxime
773 2960 966 3043 praecedunt
988 2958 1071 3053 δίκας
1094 2959 1203 3043 δοῦναι,

88 3092 172 3156 quae
202 3074 243 3136 sit
264 3073 315 3136 uis
339 3072 438 3154 uerbi,
461 3073 499 3137 de
523 3091 586 3156 quo
610 3075 744 3156 agimus,
767 3072 945 3137 luculenter
969 3075 1114 3138 ostendit.
1137 3074 1201 3137 Ol.

89 3188 272 3270 1‚139,2;
300 3189 330 3271 4,
355 3188 426 3268 133,
452 3188 487 3267 l;
513 3189 541 3269 5,
565 3188 617 3270 83,
643 3188 680 3266 4;
706 3188 735 3268 2,
759 3187 810 3269 27,
836 3189 862 3248 1.

133 3301 198 3379 Qui
220 3305 347 3366 accusat
371 3303 400 3375 ei
422 3319 503 3385 opus
526 3305 573 3365 est
594 3299 738 3364 testibus.
762 3299 993 3364 Translationes
1016 3301 1091 3365 inde
1115 3307 1201 3367 ortae

88 3416 301 3479 inueniuntur
325 3415 353 3496 l,
378 3414 427 3496 73,
451 3415 470 3476 3
494 3410 645 3494 μαρτυρίου
668 3409 760 3475 ἕνεκα.
786 3414 813 3494 1,
839 3414 888 3495 73,
913 3414 929 3474 1
955 3407 990 3475 ὦν
1013 3410 1101 3477 ἀκοαὶ
1124 3416 1201 3491 μῖιλ·

89 3544 139 3592 λον
161 3525 254 3605 λίγαν
278 3525 420 3607 μοίρτιιρες
442 3523 458 3598 ἢ
482 3523 561 3604 ίψεις
583 3529 639 3588 τῶν
662 3523 870 3601 ακονσομὲνοιν.
896 3527 925 3609 8,
949 3528 999 3610 51,
1022 3528 1042 3589 2
1062 3523 1202 3608 ξννεμαρ-

86 3641 200 3724 ripaue,
225 3661 283 3706 suo
305 3641 484 3705 testimonio
509 3659 582 3705 eum
606 3640 711 3724 potius
733 3640 833 3722 iuuat,
856 3638 909 3702 cfr.
934 3641 963 3722 2,
987 3640 1039 3722 41,
1062 3643 1083 3702 4
1105 3638 1201 3720 ιίμοίρ-

87 3778 176 3837 τορον.
208 3755 283 3819 Huc
312 3755 448 3839 pertinet
474 3750 580 3833 κρίνειν,
605 3752 772 3817 decernere
795 3754 829 3816 in
852 3753 978 3816 iudicio.
1002 3752 1203 3819 Transfertur

90 3871 119 3953 5,
142 3870 184 3933 89
208 3866 249 3932 ὅτι
273 3867 369 3931 δίκαια
394 3865 448 3943 μὲν
470 3864 600 3946 κρίνεται.
625 3865 769 3930 Haecin
793 3868 861 3930 uita
883 3866 1003 3932 obtinet
1026 3869 1121 3931 ratio:
1137 3888 1203 3932 non

89 3984 175 4048 ualet
205 3984 257 4046 ius
288 3983 350 4046 nisi
382 3983 550 4063 utriusque
579 3980 732 4064 litigantis
763 3999 853 4063 pares
876 3985 952 4044 sunt
975 3999 1061 4064 opes,
1083 3982 1203 4065 alioqui

89 4098 247 4182 superiori
268 4094 398 4160 inferior
421 4094 510 4158 cedat
532 4112 659 4158 necesse
683 4098 739 4160 est.
763 4091 855 4169 Quod
878 4095 1066 4157 sententiam
1090 4098 1203 4160 attinet

88 4209 279 4275 conferenda
311 4213 394 4286 sunt,
429 4227 510 4292 quae
546 4208 622 4271 elim
652 4209 898 4272 Atheniensium
929 4208 1024 4293 legati
1046 4208 1200 4274 Lacedae·

87 4344 181 4390 mone
212 4324 377 4389 dixerunt:
410 4321 479 4384 αλλ’
511 4318 558 4384 οίεί
590 4322 767 4393 καθεστῶτος
789 4321 837 4385 τὸν
861 4317 938 4393 ίίσσιν
962 4322 1018 4386 ὑπὸ
1041 4328 1091 4387 τοῦ
1115 4323 1202 4386 δυνα-
