3038 4980
610 506 672 570 127

80 694 177 759 furto.
201 692 304 760 Sensu
326 693 477 759 translato
502 694 618 778 legitur
642 693 671 777 1,
690 694 779 776 82,1
805 693 1034 760 Uerumtamen
1046 714 1111 759 non
1124 715 1196 759 sum
1266 668 1268 671 ⁵

83 809 162 873 adeo
192 807 297 873 hebeti
324 810 440 890 animo,
464 812 501 872 ut
522 807 648 873 iubeam
673 827 732 872 uos
753 809 828 892 pati,
849 809 954 891 inquit
976 809 1198 892 Archidamus,

83 927 115 986 et
149 927 276 987 nostros
311 924 414 988 socios
449 922 531 986 laedi
566 927 597 987 et
630 923 819 988 insidiantes
854 942 920 986 non
954 923 1198 1008 deprehendere,

82 1034 188 1108 αὐτοὺς
210 1034 450 1112 ἐπιβουλεύοντας
473 1033 516 1113 μὴ
539 1037 728 1116 καταφοιρῖιν.
752 1035 832 1100 Inde
851 1041 926 1100 nata
946 1037 1202 1102 estnetr'ohaec:

83 1151 282 1233 eenamcere,
311 1152 454 1215 animum
484 1150 620 1215 alicuius
644 1151 767 1216 nudare
792 1187 833 1196 —
858 1169 957 1235 quare
978 1151 1148 1216 scholiasta
1174 1153 1203 1234 l,

85 1264 136 1340 82,
172 1266 189 1326 1
224 1265 450 1348 interpretatur
483 1260 627 1342 ἐλέγχειν.
666 1262 726 1327 Ofr.
757 1263 905 1348 Xenoph.
940 1262 1011 1346 Cyr.
1036 1267 1065 1347 8,
1091 1265 1119 1347 7,
1144 1265 1202 1327 17:

83 1377 240 1441 Animum
275 1396 382 1442 meum
418 1397 483 1441 non
518 1376 685 1461 uidebatis,
721 1378 777 1441 sed
812 1396 885 1442 eum
920 1396 990 1442 esse
1012 1379 1203 1458 κατεφωρᾶτε

85 1488 388 1574 (deprehendebatist
410 1510 452 1556 ex
474 1491 513 1555 iis
537 1509 619 1574 quae
642 1490 763 1575 agebat.
787 1489 840 1555 Sia
864 1492 893 1573 8,
918 1490 969 1573 56,
993 1492 1014 1554 4
1038 1489 1135 1562 δείσας
1159 1489 1202 1567 μὴ

84 1599 165 1666 τοίνιι
189 1605 307 1685 φωραθῇ
330 1601 473 1675 ἀδύνατος
497 1602 542 1666 ὤν.
568 1603 699 1668 Ueritas
722 1623 762 1670 ne
785 1605 848 1668 iam
874 1604 968 1687 plane
992 1604 1203 1688 deprehende-

84 1721 173 1781 retur
192 1717 273 1780 nihil
296 1736 396 1801 posse.
423 1715 483 1780 Ofr.
507 1715 617 1801 Eurip.
641 1715 741 1781 Orest
768 1717 830 1780 738
850 1715 939 1788 κακὸς
951 1713 1083 1796 ἐφοροίίκ
1097 1714 1202 1796 φίλοις.

86 1832 116 1913 8,
140 1831 192 1913 87,
217 1832 236 1892 5
259 1833 424 1911 καταφωρᾷ
447 1829 478 1893 δὲ
502 1827 711 1907 μάλιστακαὶ
735 1826 769 1901 ἣν
792 1822 854 1892 εἴτε
878 1828 1023 1911 πρόφασιν
1034 1831 1065 1893 οὐ
1078 1828 1204 1907 κομίσας

84 1942 141 2015 τοὶς
164 1946 242 2015 ναῦς.
265 1943 337 2008 Ηοο
359 1945 428 2008 loco
451 1942 609 2028 significat
631 1943 771 2027 prodere.
795 1942 857 2008 Ofr.
881 1943 957 2008 Luc.
977 1943 1044 2007 Gal.
1065 1945 1115 2007 28.
1127 1942 1202 2008 Hue

85 2059 224 2141 pertinet
246 2057 275 2140 6,
298 2059 349 2134 38,
371 2055 587 2136 4ιιύτοφοίροιις
600 2056 792 2121 manifestes.
805 2055 904 2141 Saepe
916 2059 972 2140 qui
984 2075 1025 2121 ne
1036 2059 1201 2121 ueritatem

83 2169 221 2234 fateatur
244 2174 368 2235 recusat
390 2187 465 2233 reus
487 2171 702 2254 interrogatur
721 2171 894 2233 tormentis.
913 2168 1201 2234 Haecindetrans-

83 2283 160 2348 latio
182 2285 212 2366 3,
230 2283 282 2365 46,
303 2284 323 2345 2
342 2279 488 2363 πολιορκία
507 2304 540 2344 τε
558 2282 781 2361 ταρατενείσίαι
798 2283 827 2353 ἐς
839 2280 1013 2361 τοῦσχατον.
1028 2281 1203 2347 Obsidione

84 2395 294 2461 sustentanda
316 2394 439 2478 confici,
462 2395 586 2460 uiribus
609 2397 780 2460 exhauriri.
805 2394 865 2459 Gir.
888 2397 969 2461 Plat.
994 2397 1067 2479 Lys.
1093 2396 1201 2460 2040

86 2508 326 2589 ταραταίνίσεται
359 2507 413 2572 ὑτδ
448 2512 499 2571 σοῦ
535 2506 644 2572 ἀκούων
678 2507 762 2586 ίαριοὶ
796 2508 940 2587 λέγοντος.
969 2511 1051 2576 Plut.
1083 2511 1150 2580 Sul.
1184 2511 1201 2572 7

85 2619 325 2702 σαρατεινίμενος
354 2619 438 2700 τίίιρ.
470 2620 533 2685 Hic
563 2623 647 2686 idem
678 2623 764 2687 ualet
799 2643 836 2687 ac
869 2623 1054 2688 κατατείνειν.
1086 2624 1203 2689 Errant

87 2738 145 2821 qui
168 2741 282 2821 putant
304 2737 356 2800 hie
378 2736 461 2800 idern
486 2738 556 2799 esse
580 2754 616 2800 ac
638 2738 793 2820 patienter
815 2737 959 2821 perferre.
984 2737 1113 2803 Cassius
1133 2736 1204 2821 Dio,

87 2869 185 2934 quem
211 2851 413 2931 antistantur,
435 2849 521 2912 huna
544 2849 649 2912 locum
673 2850 817 2914 imitatus
840 2869 910 2914 esse
931 2851 1067 2915 uidetur.
1091 2849 1203 2915 Confe-

86 2968 201 3030 rantur
218 2983 313 3048 porro
331 2963 458 3047 Xenph.
477 2962 584 3046 Symp.
606 2964 635 3046 1,
654 2965 683 3046 3,
705 2964 753 3027 11.
775 2963 868 3028 Mem.
890 2967 920 3048 3,
938 2967 989 3048 13,
1001 2966 1029 3029 6.
1042 2967 1203 3050 Aristoph.

86 3077 173 3142 Nub.
205 3078 278 3161 213,
304 3076 414 3162 fragm.
437 3078 510 3140 421.
534 3077 613 3141 Plat.
639 3076 737 3143 Gonu.
761 3080 825 3142 207
851 3079 878 3142 Β
901 3080 945 3177 τιῖι1
964 3080 1040 3160 λιμῷ
1063 3079 1203 3160 παρατεί-

91 3191 196 3254 νεσίαι.

248 3758 267 3840 ξ
290 3759 341 3822 20.
364 3756 570 3839 Μοίαρίιοοαο
591 3779 612 3823 ιο
633 3757 878 3844 resuspirant
901 3765 1050 3841 sumptae.

134 3968 189 4033 Nil
223 3969 340 4033 mirum
374 3971 401 4033 si
432 3969 518 4053 quod
548 3971 583 4033 ui
613 3971 752 4054 erumpit
782 3975 877 4054 atque
908 3970 1054 4036 deuastat
1077 3990 1203 4055 eompa-

88 4087 179 4146 ratur
209 4100 283 4146 eum
312 4081 455 4147 fulmine.
486 4079 713 4155 Κατασκιίττειν
745 4085 885 4164 (σιικστος
908 4107 950 4143 =
972 4083 1094 4150 fulmen
1116 4084 1200 4150 Xen.

88 4194 191 4260 Anab.
217 4195 298 4278 3,1,
322 4195 376 4278 11)
400 4199 448 4260 est
470 4195 606 4261 uerbum
629 4196 779 4262 sollenne.
803 4195 855 4260 Gfr
877 4198 994 4264 Aeseh.
1019 4198 1107 4265 Pers.
1129 4202 1202 4265 514:

291 4335 386 4397 κακῶν
408 4330 430 4397 ἃ
453 4332 577 4414 Πέρσαις
600 4333 823 4416 ἐγκατέσκηψεν
847 4333 913 4408 θεός.
