3038 4980
733 475 775 540 64

200 664 256 729 sed
280 683 361 748 quae
380 664 471 728 attuli
491 662 664 735 sufficiunt.
683 664 800 728 Tamen
820 684 884 727 non
903 666 1168 748 praetereundum
1182 666 1314 730 uidetur

200 778 277 841 hoo:
310 777 339 860 6,
370 778 421 860 54,
451 778 470 839 2
494 778 612 861 legitur
633 773 690 859 ὥρρ
713 775 827 850 ἡλικίαις
849 773 883 840 in
910 777 988 843 flore
1010 780 1137 859 aetatis3
1164 779 1204 842 ad
1229 779 1315 844 idem

202 891 287 955 enim
306 890 523 955 reuocandum
546 909 656 973 genus.

239 1003 379 1068 Tandem
401 1008 527 1087 tempus
549 1004 638 1068 adest
661 1004 856 1068 demetendis
881 1005 1133 1089 colligendisque
1153 1005 1314 1070 fructibus

199 1121 318 1202 aptum.
340 1117 392 1181 Ex
416 1118 475 1181 hoc
498 1137 627 1202 quoque
649 1117 736 1182 fonte
758 1119 981 1183 translationes
1004 1125 1183 1184 manarunt.
1210 1121 1239 1203 5,
1264 1121 1317 1203 28,

198 1233 217 1294 2
252 1232 282 1295 οὐ
317 1227 504 1311 ξονοιροὶμενοι
534 1235 584 1295 τοῦ
615 1230 754 1294 Ἀττικοῦ
786 1229 916 1308 πολέμου
941 1230 1116 1313 ἀμφοτέροις
1139 1231 1171 1296 δὲ
1194 1235 1313 1310 μῖιλλον

197 1342 341 1408 ἔνσπονδοι
374 1341 452 1416 ὄντες
487 1339 747 1422 ἕκκοιρποιοοὶμενοι.
780 1344 870 1409 Bello
901 1345 1170 1430 Peloponnesiaco
1202 1353 1314 1412 exorto

198 1459 313 1543 Argiui
347 1458 468 1522 medios
503 1476 536 1522 se
570 1463 738 1522 tenuerant
772 1459 920 1542 pactique
954 1479 1027 1524 oum
1058 1461 1206 1545 utrisque
1239 1481 1316 1526 suos

199 1577 403 1656 perceperant
433 1570 565 1635 fructus.
589 1571 784 1655 Praepositio
807 1567 840 1644 ἐξ
862 1572 902 1635 ad
925 1573 1054 1657 stirpem
1079 1579 1202 1658 spectat
1228 1575 1316 1638 unde

198 1684 322 1750 fructus
345 1689 531 1768 carpuntur.
556 1683 608 1747 Sic
628 1685 705 1747 mihi
729 1686 780 1748 hio
799 1684 889 1750 locus
909 1686 1037 1751 uidetur
1055 1688 1317 1772 interpretandus

201 1805 348 1885 erratque
378 1801 546 1865 scholiasta
573 1801 651 1864 haec
674 1800 815 1865 scribens
838 1799 904 1873 τοὺς
926 1799 1052 1882 κκρτοὺς
1074 1799 1125 1865 aul
1148 1801 1205 1875 τὰς
1228 1826 1314 1884 τριο-

199 1913 279 1986 loom
312 1910 455 1990 λαβόντες
489 1912 549 1976 aiud
583 1919 636 1986 τῆς
671 1918 728 1990 γῆς
761 1912 907 1993 οξκεροιίονς
942 1913 991 1978 aa
1023 1915 1055 1978 τὸ
1086 1913 1130 1993 μὴ
1161 1923 1313 1994 πολεμεῖν.

200 2027 369 2092 Eiusmodi
390 2027 642 2111 interpretationi
664 2032 820 2112 repugnat
843 2031 998 2093 sermonis
1022 2033 1200 2095 contextus.
1220 2030 1317 2094 Scho-

200 2144 311 2207 liastae
345 2143 414 2207 sine
448 2141 545 2207 dubio
578 2143 687 2227 ignota
720 2148 810 2208 erant
841 2163 923 2227 quae
953 2145 1079 2228 scripsit
1102 2144 1195 2210 Diod.
1219 2146 1316 2211 Sicnl.

204 2258 254 2340 12,
287 2258 337 2340 75,
369 2256 387 2318 6
417 2252 486 2336 πρός
516 2279 549 2319 τε
578 2254 686 2327 τούτοις
709 2255 799 2320 πολὺν
821 2255 921 2337 χρόνον
944 2256 1051 2338 εἰρήνην
1075 2255 1188 2337 ἔχοντο
1212 2258 1313 2340 προσό-

201 2368 266 2441 δους
301 2367 448 2447 μεγίστοις
479 2366 635 2447 ε’λοὲμβοινε
666 2367 714 2433 uui
744 2370 852 2444 πλῆθος
875 2371 906 2435 οὐ
929 2368 1013 2448 μόνον
1037 2370 1201 2452 χρημάτων
1224 2366 1313 2451 εἶχεν,

201 2482 283 2547 ἄλλοι
318 2480 369 2546 uui
400 2481 514 2563 saepen.
545 2483 641 2547 Uidet
664 2485 729 2547 nisi
753 2486 810 2568 qui
832 2484 946 2569 caligat
968 2486 1002 2547 in
1026 2486 1092 2550 sole
1115 2486 1193 2551 haec
1217 2486 1317 2551 uerba

167 2660 169 2664 ,
201 2602 327 2662 nostrae
360 2596 469 2662 fauere
501 2598 761 2681 interpretationi.
794 2597 908 2682 Neque
939 2598 1119 2664 audiendus
1150 2605 1199 2665 est
1230 2600 1316 2684 Pape

202 2712 246 2794 (in
281 2711 398 2776 Lexioo
434 2710 493 2776 sub
528 2713 618 2793 uoce)
650 2731 724 2776 oum
758 2712 834 2776 dicit
856 2713 916 2776 hoc
938 2714 1007 2777 loco
1031 2713 1164 2779 verbum
1189 2716 1229 2779 de
1252 2735 1316 2799 quo

202 2826 308 2910 agitur
342 2826 549 2890 exhauriendi
583 2825 788 2909 uexandique
822 2828 890 2890 uim
924 2826 1074 2892 obtinere.
1109 2827 1199 2893 Haec
1229 2831 1314 2894 enim

203 2941 358 3004 sententia
381 2941 511 3002 omnino
535 2939 637 3003 aliena
660 2943 708 3003 est
731 2938 770 3003 ab
795 2940 835 3003 iis
859 2959 942 3023 quae
962 2940 1065 3006 dicere
1077 2941 1138 3006 sibi
1149 2944 1316 3027 proposuit

201 3052 411 3134 Thucydides.
442 3051 544 3128 Quam
569 3054 642 3117 uult
664 3052 749 3136 Pape
772 3055 858 3117 notio
880 3055 957 3118 huic
979 3055 1077 3119 uerbo
1101 3055 1245 3121 subiecta
1269 3062 1316 3122 est

203 3167 288 3251 apud
321 3164 411 3231 Dcm.
447 3168 499 3250 24,
529 3168 548 3228 2
579 3169 635 3229 τῶν
665 3165 746 3244 ὑμᾶς
775 3166 1034 3247 ἐκκεκαρπωμένων
1058 3166 1111 3233 κοιὶ
1135 3170 1236 3234 πολλοὶ
1259 3175 1316 3235 τῶν

203 3277 344 3359 ὑμετέροιν
374 3277 575 3359 δινρτοικότον.
608 3279 712 3344 Semel
734 3285 859 3344 tantum
882 3282 941 3346 hoc
964 3281 1101 3346 uerbum
1124 3285 1211 3368 apud
1233 3285 1316 3350 Thu·

111 3433 113 3437 ⁴
203 3393 349 3474 cydidem
384 3394 538 3474 occurrit3
573 3394 629 3458 sed
662 3393 712 3458 bis
745 3415 826 3460 usus
860 3400 908 3460 est
937 3396 1035 3461 uerbo
1065 3399 1254 3478 κκρτοῦσοκι.
1276 3400 1314 3464 In

202 3508 345 3571 oratione
366 3506 421 3570 illa
443 3505 570 3571 funebri
593 3508 725 3591 pulchre
747 3509 910 3572 translatio
930 3512 1152 3576 continuatur:
1166 3511 1207 3575 rot
1225 3514 1315 3578 κὺτοῦ

172 3693 174 3696 ,
202 3618 305 3698 ἄρκον
335 3617 497 3698 γιγνόμενοι
524 3620 798 3705 uupuoirta1,frui
821 3643 903 3708 quae
926 3625 1011 3709 apud
1034 3625 1113 3690 alios
1137 3634 1316 3693 nascuntur

204 3732 304 3797 bonis.
334 3733 376 3797 Et
406 3735 441 3797 in
465 3735 605 3800 oratione
629 3733 759 3820 Gylippi
785 3736 813 3820 7,
836 3737 887 3821 68,
912 3739 930 3800 3
954 3735 1005 3801 nat
1028 3746 1065 3820 τῇ
1088 3737 1170 3822 adep
1194 3741 1314 3825 Σικελίρι

203 3844 387 3928 κοιρπονμὲνρ
419 3844 470 3911 nai
497 3844 564 3927 πρὶν
586 3846 741 3930 ἐλευθερίαν
764 3847 954 3930 βεβοιιοτέροον
976 3851 1163 3932 πκροιδοῦνοιι.
1189 3854 1313 3920 Siciliae

204 3960 384 4044 uniuersae,
416 3981 479 4046 qua
509 3962 572 4026 iam
598 3963 688 4046 prius
712 3962 815 4027 fructa
838 3968 886 4029 est
908 3965 1085 4031 libertatem
1109 3968 1240 4034 reddere
1262 3969 1314 4034 fir·

205 4093 346 4140 miorem.
