3038 4980
718 429 792 532 'ra

201 675 376 740 conserere,
398 656 455 721 sed
478 657 507 734 8,
538 656 588 739 50,
614 657 633 719 3
656 655 718 719 alio
743 655 836 719 modo
859 659 906 719 est
928 654 1219 738 interpretandum
1242 654 1327 718 hane

202 773 287 837 enim
317 773 385 836 uim
410 771 520 837 habet:
546 773 598 836 sui
619 771 722 840 faeere
741 774 935 855 potestatem.
961 767 1021 833 Gfr.
1044 768 1192 853 Xenoph.
1216 769 1326 834 Anab.

202 888 231 972 1,
266 890 295 971 2,
330 888 380 951 26.
411 885 471 951 Διθι
499 886 594 969 χειρὸς
622 883 702 966 ἔχειν
724 906 822 951 sensu
845 887 972 971 proprio
999 888 1137 951 oeeurrit
1160 888 1189 969 2,
1215 886 1268 969 76,
1291 887 1323 950 4.

199 1021 298 1065 manu
329 1005 443 1066 tenere.
472 1000 544 1065 Hoe
567 1020 644 1066 uero
669 1001 737 1064 loeo
763 1003 792 1086 2,
818 1001 868 1084 13,
895 1002 914 1063 2
939 1004 987 1065 est
1009 1000 1200 1064 translatum
1223 996 1266 1062 τοί
1289 1023 1324 1063 τε

199 1116 256 1176 τῶν
290 1110 464 1194 ξνρρθχον
496 1113 544 1178 aa
574 1114 669 1195 χειρὸς
701 1112 787 1194 ἔχειν.
816 1115 982 1180 Sociorum
1006 1134 1057 1179 res
1080 1134 1180 1178 manu
1203 1117 1324 1198 tenere,

200 1232 236 1292 ut
266 1227 442 1293 Scholiasta
473 1230 709 1312 interpretatur,
740 1227 776 1292 δι’
807 1227 976 1305 ἐπιμελείαις
1008 1223 1055 1290 ἵνα
1078 1225 1121 1304 μὲν
1143 1226 1320 1290 θποστῶσιν.

201 1339 262 1405 err.
284 1343 416 1406 Aristot.
439 1341 532 1406 Polit.
557 1343 585 1425 5,
609 1342 638 1425 7,
662 1344 680 1406 3
706 1340 754 1405 δια
776 1343 878 1422 χειρῶν
902 1338 1003 1420 ἔχουσι
1026 1339 1079 1413 τῖον
1103 1338 1261 1404 πολιτείαν.

244 1455 352 1521 Uerbo
374 1461 545 1536 χειρονρχεῖν
568 1458 598 1540 8,
621 1456 672 1539 69,
704 1457 723 1519 3
747 1475 813 1519 non
835 1457 905 1521 sine
927 1455 1028 1520 faceta
1048 1455 1206 1520 derisione
1219 1457 1325 1520 utitur

200 1567 339 1650 Thueyd
375 1571 535 1634 mentione
567 1568 650 1633 faeta
685 1570 934 1634 adolescentium
969 1570 1104 1633 istorum
1136 1572 1265 1632 eentum
1291 1573 1323 1633 et

200 1682 325 1766 uiginti,
357 1702 494 1766 quorum
527 1702 621 1766 opera
653 1686 747 1766 atque
771 1683 902 1746 audacia
929 1681 1071 1746 fidebant
1094 1682 1323 1767 quadringenti

201 1795 305 1860 sicubi
334 1796 456 1879 aliquid
486 1816 584 1860 manu
614 1802 679 1861 erat
704 1796 896 1861 faciendum.
922 1795 986 1860 Suo
1013 1797 1113 1880 igitur
1134 1797 1205 1861 iure
1229 1797 1323 1861 seho-

199 1887 292 1974 liasta
314 1908 548 1990 διαχειρίσασθαί
568 1908 708 1974 τινακαὶ
732 1910 858 1990 οίναιρεῖν
883 1912 1083 1994 interpretari
1106 1911 1245 1975 uidetur.

246 2022 377 2089 Silentio
408 2026 488 2089 mihi
510 2026 739 2110 praetereunda
758 2027 909 2091 uidentur
933 2027 1035 2091 multa
1058 2026 1210 2110 deriuata,
1237 2045 1322 2110 quae

202 2138 286 2222 apud
310 2158 420 2204 omnes
444 2141 562 2224 passim
585 2141 815 2222 inueniuntur;
840 2144 896 2205 aut
918 2141 1002 2205 enim
1027 2159 1091 2203 non
1116 2144 1193 2205 sunt
1215 2144 1321 2205 trans-
1395 2157 1398 2177 ¹

201 2251 265 2316 lata
294 2257 331 2317 ut
352 2254 527 2333 χειροῦσθαι,
553 2251 713 2334 ὑποχείριον
738 2259 794 2319 aut
816 2273 873 2339 per
897 2273 930 2319 se
953 2258 1069 2339 patent,
1093 2258 1130 2318 ut
1152 2252 1318 2335 ἐπιχειρεῖν,

199 2364 461 2446 μεταχειρίζεσθαι.
494 2367 564 2432 Hoo
595 2388 699 2433 unum
721 2369 899 2433 notandum
922 2368 1138 2450 Thucydidem
1162 2373 1193 2433 et
1215 2367 1321 2433 Hero-

202 2481 313 2546 dotum
352 2501 410 2566 pro
448 2479 700 2564 μεταχειρίζεσθαι
735 2482 837 2548 forma
871 2484 969 2548 huius
1003 2482 1095 2548 uerbi
1130 2484 1236 2547 aetina
1270 2485 1322 2548 uti

203 2597 418 2660 consueuisse.

244 2706 366 2774 Dextra
390 2729 497 2793 manu,
521 2712 638 2797 quippe
662 2732 726 2795 qua
748 2712 842 2776 homo
867 2713 993 2796 saepius
1013 2713 1061 2777 uti
1078 2711 1186 2795 soleat,
1198 2713 1321 2778 reotius

201 2802 275 2908 agit,
298 2843 381 2908 quae
403 2843 497 2908 agere
519 2829 659 2889 conatur.
683 2825 763 2890 Inde
786 2826 863 2890 haee
889 2830 958 2889 orta
980 2825 1163 2889 translatio:
1189 2826 1218 2908 3,
1232 2826 1320 2910 37,3

201 2932 338 3021 δεξιθσνς,
372 2938 520 3031 sollertia.
554 2937 630 3003 Huc
662 2939 777 3003 addere
808 2939 883 3003 lieet
912 2941 942 3021 4,
966 2939 1060 3023 80,3
1092 2938 1148 3003 ubi
1170 2940 1320 3024 plerique

201 3050 325 3116 eodiees
349 3051 504 3116 dederunt
526 3048 657 3125 νείτντα.
679 3052 853 3117 Boehmius
877 3049 1038 3125 ueratrum
1062 3055 1206 3145 coniecit,
1231 3054 1321 3137 quod

202 3184 267 3228 non
302 3169 432 3231 omnino
465 3168 662 3232 reiciendum
697 3169 835 3252 uidetur,
869 3174 901 3233 et
934 3168 1170 3234 Herwerdenus
1201 3188 1320 3234 uerum

200 3268 380 3346 restituisse
403 3301 437 3346 se
461 3286 551 3365 putat
574 3281 741 3347 scribendo
762 3279 933 3356 σκαιθσντα.
954 3282 1047 3359 Quod
1067 3285 1095 3348 si
1112 3287 1198 3348 reete
1210 3303 1321 3349 emen-

203 3395 327 3461 dauerit
357 3396 397 3460 ad
427 3397 513 3460 huno
540 3397 648 3460 loeum
671 3398 739 3462 sine
763 3397 860 3462 dubio
883 3399 1040 3482 pertinet3
1065 3399 1247 3482 oppositum
1270 3403 1321 3464 est

203 3511 288 3575 enim
325 3505 465 3584 δεξιθτντι
499 3511 649 3595 idemque
682 3512 767 3576 ualet
803 3512 889 3596 quod
923 3512 1089 3597 imperitia.
1126 3511 1186 3576 Ofr.
1222 3511 1321 3597 Soph.

200 3625 308 3709 Antig.
341 3625 426 3688 1028
454 3629 485 3690 et
514 3624 631 3690 Herod.
656 3627 684 3711 7,
709 3628 736 3690 9.
760 3624 967 3707 Ἐπιχειρνρταί
988 3628 1017 3711 8,
1043 3627 1094 3712 96,
1118 3628 1136 3689 5
1161 3631 1238 3693 sunt
1262 3629 1321 3692 ho-

200 3739 303 3802 mines
325 3740 465 3823 prompti
487 3738 529 3802 ad
551 3740 720 3824 agendum.

244 3851 344 3946 Saepe
368 3857 541 3917 occurrunt
565 3853 723 3918 uocabula
746 3851 879 3932 ἐμποδών
904 3855 933 3939 1,
958 3856 1008 3938 53,
1032 3856 1069 3936 2,
1096 3856 1126 3938 8,
1151 3855 1201 3938 92,
1225 3856 1263 3937 83
1290 3857 1322 3941 2,

201 3964 253 4048 45,
289 3965 306 4027 1
344 3970 374 4030 et
409 3964 535 4029 ἐκποδών
568 3967 596 4049 1,
626 3967 681 4050 40,
711 3969 730 4030 3
763 3986 844 4051 quae
874 3969 958 4032 inter
981 3986 1051 4032 sese
1074 3968 1217 4054 opposita
1240 3969 1321 4033 haec

199 4077 388 4162 significant,
410 4081 499 4163 prius
521 4099 591 4145 esse
610 4080 875 4164 impedimentum
888 4082 1056 4166 quoddam,
1069 4083 1227 4166 posterius
1240 4102 1320 4147 uero

199 4192 325 4256 nulium
348 4193 459 4259 adesse
482 4195 754 4278 impedimentum.
777 4195 889 4259 Unum
914 4195 1111 4279 proferamus
1133 4197 1320 4280 exemplum

201 4306 230 4391 1,
255 4308 305 4390 53,
329 4308 347 4370 2
371 4306 404 4371 τὸ
427 4306 458 4371 δὲ
481 4306 523 4385 ad
548 4308 681 4386 ἐμποδὼν
703 4307 941 4392 οἰνανταγονίστιρ
963 4307 1057 4394 εὐνοία
1075 4307 1241 4390 τετίμηται.
1254 4309 1320 4388 Qui
