3038 4980
843 519 905 581 130

310 711 420 773 aetate.
449 706 503 771 Sol
529 725 602 769 cum
627 705 767 769 medium
791 705 825 767 in
849 704 936 769 coelo
960 723 1091 770 cursum
1114 706 1250 771 confecit
1274 709 1315 774 ad
1340 729 1431 774 sum·

310 843 399 886 mum
433 822 540 886 locum
574 821 728 903 peruenit,
763 818 847 883 unde
878 819 1031 902 paulatim
1062 839 1163 904 prona
1186 823 1240 885 uia
1264 822 1433 888 descendit

308 940 478 1020 postquam
513 933 710 1018 aliquamdiu
745 934 837 996 uisus
868 937 916 996 est
949 935 1041 1016 quasi
1071 935 1246 999 immobilis
1263 955 1349 1028 ¹esse
1374 956 1433 1001 neo

309 1068 368 1113 sua
397 1050 486 1113 exire
516 1049 652 1112 statione
664 1045 695 1128 ¹).
726 1044 860 1129 Saepius
885 1047 988 1109 omnis
1012 1048 1139 1130 generis
1162 1050 1331 1131 scriptores
1357 1051 1433 1115 inde

310 1164 448 1227 mutuati
481 1165 557 1225 sunt
591 1161 761 1244 imaginem
797 1161 898 1223 uitam
929 1159 1100 1223 humanam
1134 1180 1198 1243 qua
1221 1162 1433 1228 illustrarent.

308 1274 370 1341 Ofr.
394 1274 457 1339 Cic.
482 1274 548 1340 (lat.
572 1273 646 1338 Mai.
672 1273 827 1338 Constans
852 1279 936 1338 actas
961 1293 1044 1358 quae
1066 1276 1170 1339 media
1194 1277 1319 1341 dicitur.
1347 1277 1433 1343 Plat.

307 1388 380 1474 [reg.
422 1390 486 1452 802
529 1387 555 1470 cl,
583 1387 725 1459 ἑστηκυῖα
754 1385 806 1450 aa}
840 1384 959 1468 ἔμφρων
994 1386 1101 1461 ἡλικία.
1142 1388 1282 1455 Pericles
1316 1398 1430 1457 nostro

287 1492 466 1588 ¹significat
500 1505 632 1566 aetatem
668 1502 796 1566 uirilem
830 1503 897 1585 ipse
932 1522 1054 1567 annum
1088 1505 1152 1566 iam
1187 1506 1428 1588 sexagesimum

308 1635 415 1702 agens.
439 1615 604 1680 Marchant
627 1617 673 1679 sic
695 1617 937 1699 interpretatur:
965 1616 1037 1696 ,the
1056 1617 1133 1680 time
1145 1617 1289 1691 between
1301 1621 1427 1702 growth

308 1730 372 1795 and
390 1729 520 1811 decay’'.
544 1728 729 1794 Notandum
752 1731 846 1793 etiam
870 1730 930 1792 hoc
951 1727 1176 1794 Demosthenis
1201 1732 1251 1808 34,
1277 1733 1319 1794 39
1340 1733 1428 1803 aaa·

308 1845 463 1918 θεττηκυῖα
484 1844 567 1928 τιμή,
589 1846 727 1928 pretium
751 1844 893 1909 medium
917 1845 1003 1929 quod
1026 1845 1151 1909 dicitur.

386 2315 405 2395 ξ
429 2315 480 2376 21.
501 2312 737 2378 Tronshttiones
759 2333 780 2377 u
802 2313 899 2376 sacris
921 2311 1071 2396 rebusque
1094 2311 1213 2376 diuinis
1233 2315 1358 2392 petitae.

352 2525 391 2589 In
426 2526 557 2590 deorum
592 2525 745 2589 honorem
780 2542 873 2608 saepe
905 2522 973 2588 dies
1002 2522 1075 2587 festi
1105 2523 1317 2588 celebrantur.
1346 2523 1429 2588 Inde

309 2641 385 2706 haec
414 2640 578 2704 translatio
612 2641 639 2721 l,
672 2639 723 2720 70,
753 2640 773 2701 8
804 2636 856 2701 aori
880 2636 949 2714 μήθ’
975 2636 1071 2717 ἑορτὴν
1096 2634 1222 2699 ἄλλοτ(
1247 2636 1380 2713 ἡγεῖσθαι
1407 2635 1423 2709 ἢ

307 2751 348 2816 τὰ
370 2751 472 2816 δέοντα
493 2748 611 2834 πρᾶξαι,
634 2769 739 2835 neque
762 2751 845 2815 diem
868 2750 985 2815 festum
1010 2750 1098 2815 aliud
1111 2768 1181 2814 esse
1192 2756 1316 2834 putant,
1329 2771 1429 2834 quam

309 2866 464 2930 conficere
487 2884 569 2950 quae
593 2884 673 2949 opus
698 2868 781 2928 sunt.

352 2982 383 3062 4,
407 2980 478 3057 121,
503 2980 520 3041 1
545 2980 682 3042 occurrit
705 2979 842 3043 uerbum
861 2975 1082 3057 τροτάρχεσθτιι.
1105 2977 1316 3042 statuendum
1337 2980 1430 3044 uide-

308 3098 361 3157 tur
384 3112 457 3157 oum
481 3091 685 3169 Buttmanno,
708 3110 772 3175 quo
795 3092 864 3156 loco
887 3091 1030 3156 Platonis
1053 3090 1179 3156 Theaet.
1202 3089 1430 3176 1118ορ999-

307 3208 427 3270 cinium
461 3207 608 3290 suscepit,
631 3206 691 3269 hoc
715 3206 851 3269 uerbum
876 3206 1061 3270 sollenniter
1084 3207 1232 3288 usurpari
1257 3205 1296 3270 de
1320 3208 1428 3272 initiis

307 3319 545 3402 sacrificiorum,
568 3319 681 3384 deinde
712 3319 750 3383 (19
775 3317 990 3384 sacrificandis
1012 3320 1171 3402 primitiis,
1195 3319 1335 3402 denique
1359 3340 1429 3384 om-

307 3436 384 3497 nino
408 3433 447 3499 de
469 3435 509 3497 iis
534 3435 589 3517 qui
613 3432 691 3517 quid
715 3432 754 3496 de
776 3451 810 3496 re
833 3433 958 3517 integra
980 3432 1089 3515 aliqua
1111 3431 1254 3514 demunt,
1268 3417 1369 3496 *alteri
1390 3439 1428 3498 ut

308 3546 448 3611 offerant.
478 3545 549 3610 Hoc
578 3546 646 3609 loco
677 3547 774 3630 igitur
803 3546 888 3610 idem
920 3547 1004 3611 ualet
1027 3565 1064 3610 ac
1087 3550 1251 3630 tamquam
1276 3548 1428 3630 primitiis

307 3661 461 3724 honorare
483 3660 621 3742 aliquem
645 3661 737 3723 sertis
761 3677 798 3723 ac
819 3657 962 3723 floribus.
988 3656 1053 3721 Gfr.
1073 3656 1248 3722 Herhstius
1272 3658 1345 3723 adu.
1366 3657 1428 3724 Oo-

310 3774 419 3838 betum
445 3772 463 3835 7
488 3776 520 3837 et
541 3791 609 3855 sqq.
799 3773 801 3778 ’

351 3884 554 3965 Ἀτέκμαρτος
584 3886 708 3969 proprie
739 3884 854 3950 dicitnr
877 3886 916 3951 (19
943 3884 1080 3966 macule,
1104 3883 1160 3948 etr.
1183 3882 1301 3948 Herod.
1328 3887 1357 3968 5,
1383 3887 1437 3949 92·

305 3997 475 4079 χρηστήριον
510 3995 703 4080 ἀτέκμαρτον,
738 3999 823 4082 quod
854 3998 948 4082 paulo
972 4002 1046 4062 ante
1070 3997 1187 4061 dicitur
1210 3993 1336 4075 ἄσημον.
1359 3997 1424 4063 cfr.

307 4112 397 4176 Pind.
427 4112 520 4193 Pyth.
555 4113 605 4194 10,
637 4113 695 4192 983
730 4113 842 4176 Aesch.
874 4111 960 4176 Pers.
983 4111 1067 4192 8743
1092 4109 1270 4196 Plat'Leg.
1295 4111 1359 4176 638
1384 4113 1425 4176 Α.

339 4357 366 4423 1)
379 4348 461 4424 soph.
480 4358 565 4426 Antig.
581 4358 631 4410 116
648 4357 671 4408 ἐν
693 4356 768 4418 Altior
785 4356 851 4422 μίτῳ
868 4357 977 4417 κατέστη
994 4360 1102 4420 λαμπρὸς
1119 4357 1185 4427 ullor
1204 4356 1299 4417 κύκλος.
