3038 4980
735 487 775 549 95

204 670 313 735 eadem
338 669 405 735 fere
429 690 525 735 causa
548 676 727 756 uersentur,
752 670 899 736 distincte
922 675 1095 755 ornateque
1118 670 1237 737 indicet
1260 691 1316 736 no·

204 783 345 848 minibus
375 784 535 848 translatis
564 783 604 848 ab
634 787 684 868 iis,
708 803 789 868 quae
813 784 970 848 cotidiano
995 804 1058 848 usu
1083 789 1159 849 sunt
1181 787 1315 869 cognita.

204 898 376 983 Exemplar
399 900 439 963 ad
461 899 650 963 imitandum
673 901 807 983 posteris
830 901 995 984 proposuit
1016 898 1186 964 Homerus.
1210 899 1317 964 Notis·

202 1013 275 1076 simi
299 1016 374 1077 sunt
395 1013 442 1075 illi
465 1031 597 1077 uersus:
620 1012 656 1076 Il.
681 1013 710 1096 8,
736 1012 775 1076 to
800 1017 830 1076 et
852 1012 889 1075 Il.
914 1014 965 1095 22,
990 1013 1064 1097 210,
1087 1011 1205 1096 quibus
1224 1017 1317 1098 poeta

201 1125 312 1190 Iouem
336 1131 436 1190 sortes
461 1126 654 1191 Graecorum
677 1132 708 1191 et
729 1126 945 1204 Troianorum,
955 1125 1103 1191 Hectoris
1116 1127 1315 1210 Achillisque

201 1240 348 1305 lancibus
371 1243 476 1305 aureis
499 1241 575 1305 facit
593 1242 806 1326 imponentem
828 1241 867 1304 ad
888 1242 1099 1306 examinanda
1119 1261 1229 1306 eorum
1240 1241 1314 1306 fata.

201 1356 283 1419 Sunt
307 1357 462 1441 quaedam
487 1357 605 1420 maiora
628 1376 725 1439 quam
749 1375 830 1440 quae
854 1357 1029 1420 examinari
1047 1357 1180 1440 possint.
1201 1356 1317 1420 Trans·

199 1470 276 1533 latio
309 1470 383 1534 inde
406 1475 473 1533 orta
496 1474 544 1534 est
568 1473 596 1552 3,
621 1471 662 1532 59
688 1471 714 1547 1,
737 1469 774 1540 ὡς
795 1465 986 1546 θστθθμντιν
1008 1469 1041 1533 τὸ
1066 1476 1119 1543 τῆς
1143 1465 1315 1550 {oadrada

202 1587 233 1648 et
263 1586 295 1667 4,
328 1583 378 1665 62,
409 1584 430 1644 4
460 1581 492 1646 τὸ
521 1581 547 1645 δ’
572 1579 762 1659 ιὶττιθθμντνν
785 1583 836 1645 τοῦ
860 1579 1019 1659 μέλλοντος
1043 1582 1080 1653 ὡς
1103 1578 1152 1644 ε’τὶ
1176 1587 1316 1646 πλεῖστον

202 1701 311 1777 κρατεῖ.

246 1810 449 1874 Plataeenses
484 1815 520 1874 ut
550 1810 682 1874 crimine
714 1829 747 1874 se
777 1814 952 1894 purgarent
978 1808 1236 1874 Lacedaemoniis
1266 1829 1314 1873 re-

203 1924 416 2007 sponderunt:
453 1943 551 2007 quare
586 1943 724 2008 aequum
760 1929 808 1988 est
830 1943 889 2015 uos
913 1942 1014 2007 aequo
1038 1926 1186 1989 examine
1209 1925 1316 1987 omnia

202 2037 386 2121 ponderare,
409 2043 446 2101 ut
468 2039 496 2101 si
520 2037 612 2101 modo
636 2037 766 2121 aliquod
788 2058 807 2101 a
826 2036 918 2102 nobis
937 2042 1101 2122 peccatum
1115 2040 1157 2102 sit
1168 2040 1315 2102 commis·

203 2171 285 2234 sum,
307 2153 340 2215 in
359 2152 457 2217 altera
480 2151 578 2216 librae
601 2152 690 2216 lance
712 2154 776 2216 iam
799 2153 924 2235 ponatis
948 2152 1028 2215 illud
1052 2157 1197 2216 nostrum
1217 2153 1316 2216 animi

203 2266 355 2348 studium,
390 2285 454 2350 quo
488 2270 566 2329 tunc
596 2284 670 2349 erga
702 2285 760 2330 uos
791 2265 921 2347 fuimus,
951 2270 1004 2337 τῆς
1038 2268 1086 2328 νῦν
1109 2263 1267 2345 ἁμαρτίας,
1292 2264 1316 2327 εἰ

202 2375 259 2459 ἄρα
282 2377 462 2458 ἡμάρτηται,
487 2375 646 2441 ἀντιθεῖναι
670 2375 723 2450 τὴν
745 2376 811 2442 τότε
833 2376 1001 2459 προθυμίαν,
1021 2375 1073 2441 καὶ
1094 2377 1183 2458 μείζω
1203 2402 1237 2441 τε
1247 2378 1315 2459 πρὸς

202 2488 317 2555 tadeus
348 2489 494 2572 εὑρήσετε;
526 2511 607 2575 quae
630 2492 742 2556 ultima
767 2491 864 2567 uerba
887 2494 964 2556 satis
987 2493 1135 2576 imaginis
1160 2493 1313 2576 originem

203 2606 353 2689 indicant,
388 2608 417 2689 3,
452 2606 503 2689 56,
538 2608 565 2670 5.
596 2606 635 2669 In
667 2607 814 2670 examine
844 2607 921 2689 quid
953 2608 994 2670 sit
1015 2605 1196 2670 faciendum
1219 2607 1252 2669 id
1275 2626 1315 2671 ne

202 2719 375 2803 plurimum
401 2721 549 2804 ponderis
573 2718 686 2784 babeat
710 2758 750 2766 -
772 2718 814 2797 μὴ
827 2718 997 2783 νῖντιτιθὲναι
1014 2758 1050 2766 -
1065 2720 1149 2803 quod
1161 2720 1210 2783 illi
1222 2718 1314 2784 nobis

203 2835 361 2899 auxilium
393 2855 457 2898 non
481 2836 624 2899 tulerunt
648 2835 676 2917 6,
702 2837 752 2917 18,
778 2837 804 2897 l.
829 2834 1046 2899 Inueniuntur
1068 2834 1145 2898 haec
1166 2836 1195 2916 2,
1219 2836 1270 2916 85,
1294 2835 1313 2896 2

203 2950 254 3012 οὐκ
277 2946 440 3019 ἀντιθέντες
463 2947 516 3021 τὴν
539 2946 696 3021 Ἀθηναίων
718 2948 751 3010 εἰι
774 2951 883 3011 πολλοῦ
905 2946 1053 3027 ἐμπειρίαν
1073 2955 1109 3027 τῇ
1129 2945 1259 3029 σφετέρα
1278 2929 1314 3010 δι’

203 3061 300 3140 ὀλίγον
324 3060 443 3143 μελέτα.
467 3061 519 3127 Sic
542 3063 654 3126 saltem
677 3062 754 3146 legit
776 3061 1011 3126 Herwerdcnus
1037 3059 1154 3124 (iubeto
1177 3065 1316 3125 auctore.

203 3176 332 3241 Collatia
363 3196 439 3241 uero
464 3194 546 3260 quae
564 3176 716 3260 leguntur
740 3177 768 3257 3,
793 3174 843 3257 bb,
868 3175 887 3236 5
912 3179 942 3238 et
965 3174 1074 3257 Eurip.
1097 3173 1197 3257 Iphig.
1219 3173 1312 3239 Taur.

204 3292 267 3354 358
299 3288 351 3362 τὴν
380 3286 473 3353 ἔνθαδ’
505 3281 596 3352 Αὖλιν
625 3287 773 3351 ἀντιθεῖσα
798 3293 852 3361 τῆς
875 3287 943 3360 ἐκεῖ,
964 3287 1050 3351 haud
1073 3287 1211 3352 absurda
1237 3289 1314 3351 mihi

202 3404 355 3469 uidentur
378 3421 460 3487 quae
483 3401 556 3465 libri
580 3399 671 3466 nobis
690 3401 888 3485 tradiderunt
907 3401 1021 3465 uerba:
1034 3407 1090 3474 τῆς
1103 3399 1267 3482 σφετέρας.
1283 3449 1314 3464 ..

203 3516 339 3596 μελέτης.
362 3517 404 3583 llt
427 3516 619 3595 Classenius‚
643 3520 674 3580 et
699 3517 754 3598 qui
778 3534 852 3579 eum
872 3520 1001 3579 secutus
1021 3515 1240 3600 estSteupius,
1253 3516 1315 3580 alio

204 3633 297 3696 modo
328 3633 413 3695 huno
443 3631 548 3695 locum
581 3629 642 3693 sibi
673 3629 946 3712 interpretandum
976 3648 1046 3694 esse
1075 3633 1195 3714 putant.
1227 3629 1315 3694 Haec

203 3747 289 3810 enim
321 3746 452 3809 docent:
480 3743 649 3827 eigentlich
676 3762 738 3805 von
765 3741 926 3824 Reohnen,
949 3744 1009 3806 wie
1033 3743 1114 3806 auch
1139 3741 1314 3814 ἀνατιθέναι,

202 3856 404 3937 μετατιθέναι
428 3860 462 3922 in
485 3856 648 3941 Anschlag
670 3855 803 3941 bringen
827 3875 928 3940 gegen
952 3861 1057 3921 etwas.
1081 3856 1125 3920 At
1150 3875 1312 3941 perperam

204 3973 243 4038 de
277 3974 336 4037 hac
368 3991 403 4037 re
432 3972 665 4054 iudicauerunt,
700 3971 785 4054 quod
819 3971 924 4034 cuiuis
960 3974 1077 4034 attente
1112 3971 1167 4053 qui
1202 3971 1315 4055 legerit

203 4108 301 4172 supra
326 4105 408 4170 quae
430 4085 616 4169 scripsimus
640 4083 741 4166 facile,
764 4083 865 4166 oredo,
890 4082 1061 4167 apparebit.

248 4200 470 4284 Quodcunque
501 4219 520 4262 a
550 4198 744 4282 ponderante
775 4199 810 4260 in
841 4198 969 4261 alteram
995 4196 1117 4260 lancem
1141 4198 1314 4281 imponitur

203 4320 259 4382 aut
293 4319 489 4380 momentum
520 4312 609 4378 affert
640 4317 695 4376 aut
724 4312 835 4376 saltem
867 4314 962 4396 auget
984 4311 1121 4395 pondus.
1146 4309 1207 4375 Gir.
1229 4311 1314 4377 Plut.
