3038 4980
840 517 862 578 4

288 706 395 767 autem
429 703 612 767 iucunditas
647 703 876 787 delectatioque
910 699 1090 766 celebrauit.
1120 699 1202 764 Nam
1235 703 1273 763 ut
1302 699 1403 763 uestis

286 814 413 901 frigoris
436 817 615 902 depellendi
639 836 736 881 cansa
758 820 882 901 reperta
904 817 1007 900 primo
1029 820 1101 899 post
1122 813 1266 878 adhiberi
1290 816 1400 896 coepta

292 935 341 995 est
374 932 414 995 ad
446 936 595 997 ornatum
629 933 724 996 etiam
760 932 899 1016 corporis
933 935 965 996 et
999 930 1193 1015 dignitatem,
1229 928 1275 992 sic
1309 926 1402 992 uerbi

286 1045 450 1110 translatio
469 1047 617 1110 instituta
636 1049 684 1110 θεῖ
702 1046 828 1130 inopiae
848 1064 953 1128 causa,
964 1043 1163 1127 frequentata
1175 1042 1401 1106 delectationis.

332 1157 449 1223 Primis
473 1159 670 1244 temporibus
692 1159 779 1223 haud
796 1161 841 1223 ita
860 1179 977 1244 magna
989 1157 1162 1222 uerborum
1175 1157 1265 1240 copia
1276 1161 1401 1239 praesto

288 1275 355 1336 erat
376 1276 413 1337 ut
435 1274 542 1337 omnia
565 1293 625 1338 suo
647 1275 776 1338 nomine
798 1275 926 1357 proprio
948 1273 1052 1336 notari
1071 1276 1216 1355 possent,
1230 1271 1401 1334 necessitas

286 1387 385 1470 igitur
406 1387 552 1452 homines
572 1387 707 1451 adduxit
729 1390 765 1451 ut
785 1389 878 1452 nouis
901 1387 997 1452 rebus
1021 1405 1107 1450 noua
1126 1386 1327 1469 imponerent
1347 1402 1403 1447 no-

288 1500 385 1566 mina.
408 1498 482 1563 Non
506 1520 591 1565 noua
612 1500 814 1565 excuderunt
837 1537 879 1548 —
904 1500 990 1585 quod
1013 1501 1041 1564 si
1063 1499 1182 1563 factum
1206 1502 1298 1582 esset,
1318 1502 1349 1563 et
1368 1499 1402 1561 in

289 1613 357 1678 dies
389 1613 590 1679 difficultates
623 1618 730 1679 essent
760 1619 871 1678 auctae
901 1633 1006 1698 neque
1029 1614 1116 1678 nllus
1140 1633 1285 1697 unquam
1309 1631 1404 1696 appa-

288 1729 406 1793 ruisset
429 1729 586 1793 sermonis
609 1733 740 1793 ornatus
764 1765 805 1776 -
831 1729 887 1794 sed
909 1747 983 1792 cum
1007 1728 1155 1792 uiderent
1177 1729 1283 1791 inesse
1305 1725 1403 1791 rebus

289 1844 384 1907 nouis
408 1843 650 1908 similitudinem
674 1843 833 1927 quandam
853 1862 927 1906 cum
948 1842 1043 1920 notis,
1056 1844 1151 1906 tacita
1170 1844 1404 1927 comparatione

287 1954 371 2019 facta
411 1957 525 2020 harum
559 1958 689 2020 nomina
722 1958 849 2040 propria
881 1959 916 2019 in
950 1956 1005 2020 illa
1039 1976 1123 2020 noua
1158 1957 1401 2021 transtulerunt.

287 2067 384 2134 Recte
412 2071 512 2154 igitur
539 2072 665 2155 scripsit
689 2069 892 2151 Muetzellll:
916 2070 1037 2135 Plenus
1061 2075 1109 2135 est
1131 2072 1235 2134 omnis
1258 2072 1403 2134 omnium

288 2183 454 2248 hominum
489 2188 520 2249 et
551 2185 715 2248 doctorum
746 2188 777 2249 et
810 2185 1013 2249 indoctorum
1038 2204 1141 2249 sermo
1165 2186 1205 2249 iis
1229 2184 1404 2258 uocabulis,

288 2318 372 2384 quae
395 2319 469 2364 cum
491 2301 526 2362 in
549 2320 609 2365 sua
631 2319 778 2385 quaeque
799 2319 834 2365 re
856 2302 984 2384 propria
1007 2303 1080 2383 sint,
1103 2303 1231 2383 propter
1255 2299 1403 2363 similitu-

290 2413 396 2478 dinem
432 2414 592 2498 quandam
626 2416 696 2480 siue
725 2414 764 2478 ob
797 2415 891 2479 aliam
915 2414 1089 2498 quamlibet
1112 2433 1242 2478 causam
1265 2416 1299 2477 in
1324 2414 1402 2478 alias

289 2549 340 2594 res
363 2530 609 2596 transferuntur.

332 2642 394 2707 His
418 2643 566 2708 omnibus
590 2644 650 2708 rite
672 2645 836 2728 perpensis
859 2644 919 2706 hoc
943 2644 1147 2708 statuendum
1171 2643 1318 2707 uidetur:
1340 2661 1402 2707 me-

289 2757 439 2842 taphorae
472 2777 537 2821 non
571 2762 619 2822 est
647 2778 719 2842 pars
750 2758 935 2841 similitudo,
957 2759 1054 2821 immo
1085 2758 1305 2822 similitudinis
1328 2777 1402 2841 pars

289 2875 337 2935 est
368 2872 567 2956 metaphora,
599 2892 672 2936 nam
703 2874 798 2936 tacita
825 2874 1016 2956 comparatio
1041 2877 1089 2936 est
1111 2872 1303 2955 metaphora,
1327 2892 1402 2936 cum

289 2986 359 3050 sine
383 2988 617 3071 comparatione
639 2988 854 3072 metaphoram
876 2986 997 3071 fingere
1020 3006 1113 3052 nemo
1136 2988 1246 3072 possit.

333 3098 427 3165 Forte
461 3100 619 3185 quispiam
653 3101 771 3165 dixerit
802 3119 871 3165 esse
902 3100 1056 3184 quasdam
1087 3101 1297 3185 metaphoras,
1321 3119 1403 3184 quae

289 3214 382 3295 quasi
403 3214 438 3277 in
462 3233 575 3278 sucum
599 3218 630 3278 et
654 3215 841 3298 sanguinem
866 3211 1009 3296 abierint,
1034 3212 1152 3297 quibus
1175 3217 1294 3277 temere
1314 3212 1403 3276 nulla

290 3327 422 3410 originis
452 3325 557 3391 habita
589 3329 710 3391 ratione
738 3329 789 3391 usi
812 3328 877 3392 sint
899 3329 1077 3410 scriptores.
1101 3326 1174 3391 Non
1198 3328 1226 3390 is
1249 3346 1322 3390 sum
1348 3328 1404 3410 qui

289 3457 411 3524 negem,
435 3441 492 3504 sed
515 3441 593 3525 quid
615 3441 655 3504 ad
678 3442 770 3506 rem?
793 3440 992 3524 Comparatio
1017 3441 1092 3504 olim
1110 3441 1192 3505 facta
1211 3444 1267 3522 est,
1282 3442 1403 3525 quique

289 3555 495 3620 translatione
529 3559 655 3640 recepta
689 3574 725 3619 ac
760 3557 931 3620 constituta
963 3557 1009 3620 sio
1039 3557 1091 3619 usi
1114 3554 1293 3620 suntnihil
1316 3554 1403 3618 aliud

287 3665 432 3732 fecerunt
462 3688 499 3732 ac
531 3669 623 3733 multi
646 3669 710 3752 alii,
733 3671 789 3753 qui
812 3688 899 3733 nunc
922 3688 996 3733 cum
1019 3669 1207 3753 loquuntur,
1230 3687 1295 3731 non
1319 3669 1404 3751 cogi-

288 3784 356 3845 tent
378 3781 443 3846 fere
466 3784 592 3868 singula
615 3784 713 3848 uerba
736 3772 806 3848 esse
828 3784 988 3848 translata.
1012 3783 1054 3848 Et
1077 3783 1178 3847 multa
1201 3783 1263 3846 alia
1283 3784 1403 3847 ethaeo

288 3914 365 3960 uere
399 3897 524 3980 scripsit
555 3895 693 3961 Ioannes
723 3897 862 3961 Paulus:
897 3897 988 3979 „Wie
1016 3898 1062 3960 im
1086 3896 1257 3961 Schreiben
1281 3897 1403 3961 Bilder·

288 4009 400 4075 schrift
421 4010 530 4076 friiher
552 4032 618 4076 war
641 4012 688 4076 als
707 4010 1032 4096 Buchstabensohriit,
1052 4031 1087 4076 so
1106 4032 1172 4076 war
1182 4013 1226 4075 im
1239 4010 1400 4096 Sprechen

292 4175 436 4186 ——.—

322 4268 349 4335 l)
364 4269 386 4322 J.
413 4269 540 4339 Muctuell,
564 4273 595 4322 de
620 4272 830 4333 translationum,
854 4288 921 4338 quae
946 4277 1083 4333 uocantur,
1109 4274 1177 4339 apud
1201 4272 1321 4324 Curtium
1345 4289 1403 4325 usu.

292 4360 462 4414 Berol.1843.
481 4363 568 4429 Progr.
586 4379 655 4432 gym.
674 4365 827 4416 loachimth.
