3038 4980
651 520 712 584 131

118 709 319 774 Transfertur
353 706 438 792 apud
456 701 687 787 ‘Thucydidem
720 708 750 788 4,
781 705 833 789 63,
865 706 881 767 l
913 704 962 768 διαὶ
992 703 1024 768 τὸ
1048 703 1232 783 ἀτέκμαρτον

120 820 189 894 δέος.
215 822 268 887 Sic
287 823 422 906 saepius.

163 934 237 999 Huc
270 935 427 1019 pertinere
461 934 589 997 uidetur
619 933 648 1014 8,
681 933 710 1015 l,
742 933 758 994 1
791 930 840 995 καὶ
870 929 965 995 ὁπόσοι
990 955 1017 994 τι
1040 931 1106 995 τότε
1127 930 1232 1003 αὐτοὺς

119 1047 284 1120 θεινὶσαντες
313 1046 479 1122 calamaci
510 1053 541 1111 61
565 1037 871 1131 (1616666661611116
896 1047 1015 1112 diuinis
1039 1047 1233 1131 quibusdam
1338 1046 1340 1050 ’
1436 1053 1439 1060 ’

119 1180 206 1246 spem
248 1161 375 1226 Siciliae
416 1161 612 1245 subigendae
644 1160 791 1226 fecerant.
826 1159 870 1224 Hi
902 1158 1077 1242 θειασαννες,
1110 1162 1165 1244 qui
1197 1165 1234 1224 ut

118 1280 209 1340 uates
239 1294 326 1360 spem
358 1274 510 1339 dederent
539 1273 606 1338 fore
629 1280 665 1338 ut
687 1273 795 1339 Sicilia
818 1276 1005 1359 potirentur,
1029 1277 1233 1358 opponuntur

118 1389 182 1453 illis
204 1386 421 1468 χρησμολόνιις
445 1392 476 1452 61
499 1385 647 1464 μάντεσιν.

160 1502 275 1589 Neque
308 1502 572 1587 praetereundum
608 1502 804 1566 uocabulum
838 1499 1044 1583 ἕνιφήριισρια,
1081 1501 1232 1583 (Hesych.

116 1619 347 1736 interpretatup
373 1615 523 1696 οἰώνισμα)
557 1616 643 1700 quod
677 1616 793 1699 legitur
830 1616 858 1698 7,
880 1616 930 1698 75,
957 1616 974 1677 7
1009 1611 1101 1677 natac
1124 1613 1230 1678 τούτων

116 1733 175 1799 τοῖς
207 1725 350 1812 ἐναντίαις
375 1726 616 1809 satanacam
649 1728 849 1810 ἀφορμᾶσθαι,
884 1747 998 1793 rursus
1020 1747 1094 1792 cum
1118 1730 1233 1792 ominis

118 1840 193 1906 mali
212 1842 356 1923 uocibus,
376 1859 457 1925 quas
476 1841 525 1905 his
549 1843 579 1921 (i.
592 1860 617 1905 e.
642 1842 726 1905 uotis
749 1840 904 1924 laetisque
927 1841 1122 1906 carminibus
1142 1842 1234 1920 εὐχῆς

116 1978 149 2017 τε
180 1952 231 2018 καὶ
261 1951 401 2036 παιάνων)
432 1959 521 2019 orant
550 1955 733 2037 contrariae,
766 1954 934 2019 discedere.
967 1953 1135 2019 Soluerant
1157 1956 1233 2019 olim

116 2068 215 2133 laetos
246 2067 391 2132 tollentes
421 2069 588 2150 clamores,
614 2069 670 2151 qui
693 2068 813 2133 bonum
840 2068 1029 2151 felicemque
1054 2070 1233 2134 ominaren·

118 2186 172 2246 tur
202 2186 367 2262 euentum,
402 2200 490 2245 nuno
512 2181 639 2245 fortuna
663 2184 782 2246 mutata
804 2181 908 2246 redire
931 2187 1091 2266 coguntur
1112 2184 1232 2245 omnia-

119 2314 183 2380 que
211 2295 356 2361 tristibus
387 2294 521 2360 uocibus
545 2296 704 2380 complent
726 2315 791 2359 non
812 2295 880 2360 sino
903 2297 1065 2380 praesagio
1091 2295 1229 2379 quodam

118 2409 177 2474 1611
198 2410 407 2474 imminentis.

162 2521 267 2588 Sonsu
289 2525 416 2606 proprio
440 2541 518 2588 uoce
539 2521 681 2602 ἐκεχειρία
700 2523 883 2586 indicantur
902 2522 1044 2586 indutiae
1064 2523 1233 2605 sollennes,

60 2656 62 2660 ⁴
119 2655 202 2721 quas
231 2637 334 2701 mensi
363 2654 452 2701 sacro
476 2657 494 2699 a
517 2655 671 2720 praecone
695 2636 981 2721 promulgabantur
1003 2636 1071 2700 ludi
1095 2643 1131 2701 ut
1155 2639 1234 2702 cele

118 2747 296 2813 brarentur.
317 2747 559 2831 Nonnunquam
582 2751 676 2813 otiam
700 2751 834 2833 quaouis
856 2749 999 2813 indutiae
1021 2750 1055 2813 in
1074 2751 1132 2813 hac
1153 2769 1233 2815 uoee

118 2862 356 2948 intelleguntur.
392 2860 452 2925 cfr.
484 2864 513 2944 5,
547 2863 574 2944 l,
608 2864 643 2942 13
675 2864 704 2939 4,
735 2863 808 2944 117,
834 2864 850 2925 l
881 2860 1039 2942 ἐκεχειρίαν
1062 2861 1234 2935 ἐποιήσαντο

117 2973 256 3040 ἐνιαύσιον
278 2975 387 3042 eadem
412 2970 575 3041 1166616116
600 2978 630 3058 5,
655 2976 707 3059 49,
732 2978 768 3058 3;
783 2980 813 3063 5,
828 2979 855 3061 1,
869 2981 888 3041 2
901 2985 932 3043 61
944 2977 1071 3059 saepius
1085 2978 1235 3040 occurrit.

164 3379 254 3448 Haeo
284 3387 373 3446 orant
404 3401 485 3466 quae
516 3382 742 3446 adnotaueram
770 3380 809 3446 de
831 3383 1092 3448 translationibus
1116 3383 1234 3467 quibus

121 3517 201 3563 usus
230 3501 278 3562 est
302 3495 510 3577 Thucydides.
534 3494 642 3559 Huius
665 3494 764 3559 libelli
788 3495 1010 3560 conscribendi
1035 3515 1116 3580 quae
1138 3496 1236 3561 fuerit

118 3614 198 3678 ratio
234 3612 376 3697 quidque
409 3613 470 3677 sim
501 3616 631 3676 secutus
661 3611 797 3694 cogitata
820 3629 890 3675 mea
912 3611 1026 3676 11116116
1050 3630 1130 3675 cum·
1149 3632 1236 3706 man-

120 3726 238 3810 darem,
279 3744 321 3791 ex
360 3727 400 3791 iis
441 3729 526 3809 patet
566 3743 647 3809 quae
681 3744 753 3789 sum
787 3724 955 3810 praefatus.
991 3725 1236 3810 Propositumne

120 3843 182 3908 sim
211 3845 377 3908 assecutus
398 3840 432 3905 id
455 3841 590 3904 aliorum
616 3841 656 3903 sit
678 3839 841 3903 iudicium.
867 3838 988 3915 Quodsi
1011 3859 1093 3924 quae
1115 3842 1236 3923 scripsi,

121 3956 234 4022 Lector
267 3955 438 4037 Beneuole,
471 3974 537 4018 non
568 3973 699 4039 prorsus
733 3953 791 4017 tibi
825 3953 1053 4037 displicuerint,
1087 3954 1235 4037 equidem

122 4072 311 4141 existimans
342 4086 393 4133 me
423 4087 550 4152 operam
577 4069 612 4130 in
642 4067 703 4131 hoc
725 4066 831 4131 libello
855 4067 1023 4132 scribendo
1047 4086 1111 4130 non
1134 4067 1235 4151 pordi-

123 4185 217 4268 disse,
240 4184 333 4249 ualde
355 4183 502 4248 laetabor.
525 4181 567 4246 111
589 4200 685 4264 nunc,
706 4181 820 4246 habeat
843 4201 902 4245 sua
923 4180 989 4245 fata
1010 4181 1146 4246 libellus.
