3098 4980
849 518 909 580 130

314 711 424 773 aetate.
453 705 507 770 Sol
533 724 607 770 oum
631 703 771 769 medium
795 705 829 766 in
853 703 940 769 coelo
964 722 1094 768 cursum
1118 705 1253 771 confecit
1277 707 1318 770 ad
1343 727 1435 772 sum-

315 841 403 886 mum
436 821 544 885 looum
578 820 732 904 peruenit,
767 817 852 882 unde
883 817 1036 901 paulatim
1066 837 1167 902 prona
1191 820 1244 883 uia
1267 819 1438 886 deseendit

313 938 483 1021 postquam
517 932 714 1017 aliquamdiu
749 933 841 995 uisus
872 936 920 995 est
953 932 1046 1015 quasi
1076 932 1249 998 immobilis
1279 951 1351 999 osse
1376 954 1439 1000 neo

313 1067 373 1112 sua
401 1049 490 1114 exire
520 1047 656 1110 statione
669 1044 699 1124 ¹).
731 1043 864 1128 Saepius
889 1045 993 1109 omnis
1016 1046 1143 1128 generis
1165 1021 1333 1130 scriptores
1358 1049 1439 1113 inde

313 1162 452 1225 mutuati
485 1164 561 1224 sunt
596 1160 766 1243 imaginem
803 1160 902 1222 uitam
933 1159 1105 1222 humanam
1138 1178 1202 1242 qua
1225 1160 1439 1226 illustrarent.

312 1272 375 1340 ou.
399 1274 462 1339 Oie.
487 1273 553 1339 Cat.
577 1273 651 1338 Mai.
676 1271 831 1337 Constans
855 1279 940 1337 aetas
965 1292 1048 1356 quae
1071 1273 1174 1338 media
1198 1274 1322 1340 dicitur.
1350 1275 1439 1340 Plat.

311 1387 385 1473 [eg.
427 1389 491 1452 802
533 1387 559 1470 ἡ,
587 1387 729 1458 ἑστηκυῖα
759 1385 810 1449 nal
844 1383 964 1466 ἔμφρων
999 1386 1105 1459 ἡλικίαι.
1146 1386 1285 1453 Pericles
1319 1395 1436 1455 nostro

312 1501 471 1587 signifieat
504 1506 637 1567 aetatem
673 1501 800 1566 uirilem
834 1502 902 1585 ipse
937 1520 1059 1566 annum
1092 1503 1156 1564 iam
1191 1504 1435 1586 sexagesimum

312 1635 419 1702 agens.
444 1615 608 1679 Marchant
632 1616 677 1678 sio
699 1616 941 1699 interpretatur:
969 1614 1041 1695 „the
1060 1616 1137 1680 time
1149 1616 1292 1681 between
1304 1619 1435 1701 growth

312 1730 375 1795 and
394 1728 524 1811 deeay”.
549 1727 733 1793 Notandum
756 1729 850 1792 etiam
874 1729 933 1792 hoo
955 1726 1180 1793 Demosthenis
1204 1731 1255 1806 34,
1279 1730 1322 1794 39
1343 1731 1436 1802 ἡκα-

312 1845 467 1917 θεττηκυῑα
488 1845 572 1927 τιμή,
593 1845 731 1927 pretium
755 1844 896 1908 medium
921 1845 1007 1927 quod
1030 1844 1155 1908 dicitur.

391 2315 409 2395 ᾗ
434 2315 484 2376 21.
505 2311 741 2377 Transistioaes
763 2332 784 2376 a
806 2313 903 2375 sooria
925 2311 1075 2396 rebusque
1098 2310 1216 2376 diuisus
1237 2313 1363 2393 petitae.

357 2525 395 2589 In
430 2526 561 2590 deorum
597 2525 748 2588 honorem
784 2542 877 2606 saepe
909 2522 977 2588 dies
1006 2522 1079 2586 festi
1110 2522 1320 2587 eelebrentur.
1350 2522 1435 2588 Inde

313 2641 390 2705 haeo
419 2640 582 2704 translatio
617 2641 643 2721 1,
677 2639 727 2719 70,
758 2639 777 2700 8
809 2635 860 2701 ael
884 2635 954 2713 μήθ’
980 2635 1075 2716 ἑορτὴν
1100 2633 1176 2698 ἄλλο
1198 2658 1226 2698 τ(
1250 2635 1387 2712 ἡγεῖσθαι(
1413 2635 1429 2709 ἢ

311 2751 352 2816 τὰ
374 2750 476 2816 δέοντα
498 2748 615 2834 πρᾶξαι,
638 2769 743 2835 neque
766 2750 850 2814 diem
872 2750 990 2815 festum
1015 2748 1102 2813 aliud
1115 2754 1319 2833 esseputant,
1332 2769 1433 2833 quam

313 2864 467 2931 conficere
491 2884 572 2950 quae
597 2883 677 2949 opus
702 2868 786 2927 suut.

356 2982 387 3061 4,
411 2979 483 3057 121,
507 2980 524 3041 l
550 2980 686 3042 ooourrit
709 2979 846 3042 uerbum
865 2975 1086 3057 τροτάρχεσθτιι.
1108 2975 1320 3042 Statuendum
1339 2979 1434 3043 uide-

312 3099 365 3157 tur
388 3112 462 3158 oum
485 3092 689 3170 Buttmanno,
712 3111 776 3175 quo
800 3092 868 3155 loco
892 3091 1034 3155 Platonis
1057 3089 1183 3155 Theaet.
1205 3088 1434 3174 168091110-

311 3208 431 3271 cinium
465 3209 612 3291 suscepit,
636 3208 695 3270 hoo
719 3206 856 3270 uerbum
880 3205 1065 3270 sollenniter
1088 3207 1236 3288 usurpari
1260 3203 1299 3268 de
1323 3206 1431 3271 initiis

311 3319 549 3402 sacrificiorum,
572 3320 685 3385 deinde
716 3320 754 3383 de
779 3317 994 3383 sacrificandis
1017 3319 1175 3402 primitiis,
1199 3317 1337 3401 denique
1363 3338 1432 3382 om-

312 3437 388 3498 nino
412 3434 451 3498 de
473 3434 513 3497 iis
538 3435 593 3516 qui
617 3432 696 3517 quid
719 3433 758 3497 de
781 3451 814 3497 re
837 3433 962 3516 integra
984 3432 1093 3515 aliqua
1115 3431 1257 3513 demunt,
1280 3430 1373 3495 alteri
1394 3438 1431 3496 ut

312 3547 452 3611 offerant.
482 3545 553 3610 Hoo
582 3547 650 3610 looo
681 3548 778 3630 igitur
808 3546 892 3610 idem
924 3546 1008 3610 ualet
1032 3564 1068 3609 ao
1091 3549 1254 3628 tamquam
1278 3545 1431 3628 primitiis

312 3660 465 3725 honorare
488 3660 626 3744 aliquem
649 3661 741 3724 sertis
765 3678 802 3723 ao
824 3657 966 3723 floribus.
992 3655 1251 3722 cranemerae
1274 3656 1347 3721 adu.
1370 3655 1431 3722 Oo-

315 3774 424 3839 betum
449 3774 467 3835 7
492 3777 523 3838 et
545 3792 613 3857 sqq.
804 3774 805 3778 ’

356 3885 558 3966 Ἀτέκμαρτος
589 3887 713 3970 proprie
743 3885 859 3949 dieitur
881 3884 920 3950 de
947 3883 1084 3965 oraculo,
1107 3883 1164 3948 cfr.
1187 3882 1304 3948 Herod.
1329 3885 1361 3967 5,
1387 3886 1428 3948 911

309 3998 479 4080 χρηστήριον
514 3996 707 4081 ἀτέκμαρτον,
742 3997 827 4081 quod
858 3997 953 4082 paulo
976 4002 1050 4062 ante
1074 3997 1191 4061 dicitur
1213 3992 1339 4074 ἄσημον.
1364 3995 1429 4062 cfr.

310 4111 401 4177 Pind.
432 4111 524 4194 Pyth.
559 4114 609 4195 10,
641 4113 699 4192 983
734 4113 846 4177 Aesoh.
878 4110 964 4177 Pers.
987 4111 1071 4191 8743
1096 4107 1273 4194 Plat'Leg.
1298 4110 1364 4175 638
1389 4112 1430 4176 A.

315 4267 459 4277 1-—-—

343 4358 370 4424 l)
383 4349 465 4425 soph.
484 4359 569 4426 Antis.
585 4358 635 4410 llo
653 4357 675 4408 ἐν
697 4357 772 4419 artius
789 4357 855 4421 μίτῳ
872 4357 981 4416 κατέστη
998 4359 1106 4420 nouanda
1122 4356 1189 4425 (11188
1207 4355 1301 4415 κύκλος.
