3038 4980
642 484 704 548 103

116 672 217 736 blicae
246 671 330 735 mala
359 670 434 734 inde
460 672 558 753 nasci,
580 670 666 754 quod
690 667 870 734 oratoribus
894 669 1099 753 pulchrisque
1122 669 1229 735 uerbis

113 785 251 870 populus
283 785 385 870 magis
407 785 572 870 magisque
596 785 777 868 delectetur,
799 786 940 869 grauiter
964 786 1063 868 carpit
1086 803 1148 868 eos,
1172 789 1230 869 qui

113 900 195 963 nihil
224 900 264 963 ad
288 917 322 964 se
344 900 502 983 pertinere
524 896 725 982 arbitrentur,
749 900 811 963 nisi
836 903 954 964 attente
977 899 1088 962 audire
1107 900 1229 983 sophis-

113 1017 219 1077 tarum
251 1006 408 1085 ἐπιδείξεις.
445 1011 687 1096 Rempublicam
721 1032 787 1076 non
821 1016 951 1093 curant3
985 1012 1096 1076 sedent
1126 1011 1230 1075 ύοατοιὶ

113 1126 208 1204 λύγων
231 1126 297 1205 (cfr.
320 1127 362 1210 4),
385 1127 456 1191 ideo
480 1130 615 1211 tantum,
638 1128 737 1191 animi
760 1146 857 1191 causa
881 1127 1046 1191 certamini
1065 1131 1102 1190 ut
1114 1126 1230 1210 adsint,

112 1259 179 1304 non
202 1258 280 1304 uero
307 1244 344 1303 ut
367 1239 490 1304 discant
514 1240 592 1324 quid
616 1241 657 1304 sit
680 1240 921 1322 consulendum,
945 1240 1022 1323 quid
1045 1241 1079 1302 in
1103 1259 1230 1323 quaque

112 1371 148 1418 re
174 1353 366 1418 faciendum.
397 1352 587 1418 Flectuntur
615 1352 814 1437 Protagorae,
844 1352 1000 1416 Prodicus
1023 1351 1229 1437 Gorgiasque.

114 1465 176 1530 Ofr.
212 1466 294 1530 Plin.
326 1466 427 1551 Epist.
459 1467 489 1549 6,
513 1467 563 1550 12,
587 1467 616 1529 2.
647 1465 738 1530 Plato
762 1465 888 1531 Menex.
912 1464 1037 1531 2351).
1063 1464 1231 1550 Ceteroqui

114 1579 154 1644 de
188 1578 366 1644 oratoribus
401 1598 508 1643 coram
538 1580 655 1664 populo
687 1579 787 1644 uerba
818 1578 1010 1644 facientibus
1032 1578 1231 1663 frequentius

113 1693 253 1756 occurrit
278 1689 477 1768 ἀγωνίσασθαι
498 1684 596 1776 'quam
620 1696 658 1756 ut
681 1693 791 1756 multis
815 1712 896 1776 opus
920 1694 962 1757 sit
983 1691 1102 1758 uerbis.
1126 1691 1231 1777 Signi·

111 1804 186 1870 fioat
218 1805 319 1889 uulgo
352 1807 387 1868 in
422 1807 665 1871 ostentationem
699 1810 912 1890 comparatam
946 1806 1130 1889 orationem,
1165 1826 1228 1889 qua

30 1954 34 1967 ι
59 1964 61 1967 -
113 1919 206 1985 docet
227 1919 428 2001 Thucydides
451 1920 596 1985 homines
620 1921 776 2005 imprimis
800 1920 948 1984 delectari
972 1922 1001 2003 1,
1025 1920 1076 2003 22,
1099 1921 1128 1982 4.

158 2032 285 2098 Dicitur
315 2035 409 2098 etiam
439 2033 520 2111 ύνύν
544 2035 573 2118 2,
597 2034 649 2116 89,
674 2035 715 2098 10
741 2034 773 2098 id
799 2033 884 2118 quod
908 2035 1072 2098 certamini
1095 2037 1143 2098 est
1161 2052 1230 2117 pro

113 2148 265 2231 positum,
297 2151 329 2211 et
363 2148 545 2212 certaminis
576 2149 752 2231 praemium
786 2149 814 2232 7,
847 2148 897 2230 68,
930 2149 957 2210 3.
989 2145 1050 2211 (lfr.
1074 2148 1104 2230 2,
1127 2148 1179 2225 42,
1202 2148 1230 2209 1.

113 2258 254 2333 Ξννέοοοις
277 2260 368 2337 oyem
390 2261 506 2345 legitur
531 2262 561 2344 3,
586 2262 638 2344 37,
663 2261 681 2323 5
705 2262 878 2344 sapientiae
902 2261 1068 2325 ostentatio
1091 2280 1128 2324 ac
1149 2278 1229 2325 uen-

114 2375 232 2438 ditatio.
264 2372 324 2437 cfr.
349 2375 378 2458 3,
400 2376 452 2458 49,
476 2375 505 2458 1,
529 2374 648 2458 quibus
671 2374 780 2439 uerbis
803 2375 937 2459 pulchra
960 2376 1141 2439 continetur
1163 2393 1230 2438 cer·

112 2489 242 2553 tamiris
265 2490 378 2573 imago,
402 2488 504 2567 ύνύνα
527 2484 613 2562 idlae
635 2493 794 2554 certamen
818 2491 987 2574 opinionis.
1010 2488 1119 2554 Huius
1139 2490 1231 2555 uerbi

112 2603 200 2666 notio
234 2601 389 2686 paulatim
419 2607 451 2666 et
471 2603 663 2687 pedetentim
688 2604 733 2666 ita
755 2602 936 2666 infirmatur
960 2606 997 2667 ut
1019 2602 1105 2667 idem
1127 2604 1233 2668 ualeat

113 2734 151 2778 ac
186 2716 338 2798 quaestio,
361 2715 394 2778 id
418 2716 456 2780 de
478 2732 543 2800 quo
569 2718 750 2800 quaeritur;
776 2715 830 2780 cfr.
856 2717 886 2799 3,
909 2718 962 2798 44,
987 2717 1003 2778 1
1031 2720 1062 2780 et
1085 2717 1115 2799 4,
1139 2716 1191 2800 63,
1211 2718 1230 2779 2

114 2831 142 2893 si
174 2847 288 2893 uerum
319 2833 367 2893 est
393 2829 479 2913 quod
510 2834 602 2894 acute
628 2831 763 2894 coniecit
786 2832 838 2894 uir
861 2830 1064 2895 doctissimus
1086 2829 1231 2895 Leeuwe·

113 2943 198 3025 nius,
228 2944 285 3026 qui
313 2942 412 3007 uerba
434 2943 572 3007 absurda
596 2943 678 3006 ύλλύο
701 2941 753 3006 καὶ
777 2942 858 3020 atym
880 2943 904 3006 οἱ
926 2941 1068 3023 τύχοιμεν
1092 2947 1138 3008 sic
1161 2963 1229 3008 cor-

113 3057 198 3119 rexit
231 3061 268 3119 ut
301 3060 411 3140 aptum
440 3076 575 3122 ‘sensum
610 3057 760 3140 praebere
793 3057 981 3122 uideantur:
1017 3057 1048 3119 ού
1084 3054 1149 3136 περὶ
1179 3060 1229 3121 τού

113 3166 331 3248 τιμωρήσασθαι
353 3169 366 3231 ὂ
389 3169 471 3248 abydo
494 3170 563 3248 ἡμῖν
586 3166 668 3233 ἔσται
692 3168 848 3235 ἀλλὰκαὶ
871 3171 894 3233 εἰ
915 3169 1066 3250 τύχοιμεν.

158 3282 311 3366 Sequitur
340 3282 506 3361 adpatruus.
537 3283 642 3349 Habet
672 3286 748 3350 haec
773 3305 839 3350 uox
862 3287 896 3349 in
919 3287 1108 3350 uniuersum
1132 3287 1230 3370 signi-

113 3395 293 3460 ficationem
315 3397 420 3462 laudis
445 3404 475 3462 et
500 3399 616 3463 dicitur
631 3399 676 3464 'do
699 3399 847 3464 omnibus
867 3401 1036 3484 praeclaris
1057 3400 1170 3465 studiis
1191 3420 1227 3464 ac

113 3508 316 3594 facinoribus,
349 3530 431 3594 quae
459 3513 561 3596 gloria
590 3514 744 3597 sequitur.
776 3515 805 3596 8,
838 3515 887 3596 12,
911 3515 930 3576 2
954 3510 1013 3576 Καὶ
1037 3512 1080 3595 pb
1104 3509 1228 3590 ”Aprica

113 3620 147 3684 τὸ
178 3619 336 3700 ἀγώνισμα
365 3627 450 3687 τοῦτο
481 3623 622 3708 γενέσθαι,
644 3645 703 3691 nec
725 3626 839 3710 Agidis
863 3627 924 3690 hoc
946 3626 1142 3710 praeclarum
1164 3625 1229 3690 fac·

112 3739 184 3799 tum
215 3755 292 3801 esse.
325 3737 353 3819 7,
386 3737 436 3820 86,
466 3739 485 3800 2
516 3737 530 3801 i
561 3736 617 3819 γαρ
649 3737 798 3812 Γύλιππος
820 3739 910 3803 καλὸν
932 3739 965 3803 τὸ
987 3739 1145 3817 ύγύνισμα
1167 3738 1226 3802 ἐνύ-

116 3845 200 3926 μιζὲν
231 3847 254 3912 οἱ
284 3844 371 3912 εἶναι.
388 3898 395 3912 .
410 3896 439 3913 ..
475 3850 540 3923 τοὺς
562 3850 809 3933 ἀντιστρατήγους
836 3851 955 3931 κομίσαι
978 3850 1225 3929 Λακεδαιμονίοις.

112 3961 192 4026 Fere
214 3963 298 4027 idem
321 3964 408 4027 ualet
431 3964 517 4048 quod
539 3964 673 4030 ἕπνῖύλον.
698 3965 758 4029 cfr.
781 3966 867 4030 Plut.
891 3965 958 4029 Nic.
984 3966 1035 4048 27,
1056 3967 1074 4027 5
1095 3963 1179 4042 μέγα
1200 3963 1226 4028 δ’

113 4075 211 4154 ἡγεῖτο
245 4077 313 4157 πρὸς
348 4073 435 4151 δόξαν
468 4076 656 4164 (Γύλιππος)
690 4079 714 4141 εἰ
743 4077 856 4158 ζῶντας
879 4076 1036 4156 ύπαγούγοι
1058 4076 1124 4150 τούς
1148 4075 1227 4140 ἀντι·

113 4187 304 4270 οτρατύγονς.
327 4189 447 4255 Eodem
472 4211 569 4257 sensu
592 4194 729 4256 occurrit
749 4194 778 4276 7,
803 4192 853 4275 56,
876 4193 914 4273 2,
937 4193 965 4274 7,
978 4192 1122 4275 59,1;8,
1137 4192 1187 4275 17,
1199 4192 1228 4253 2.

117 4301 178 4367 cfr.
211 4303 372 4388 Aristoph.
403 4303 483 4371 Ran.
518 4308 591 4370 284.
621 4306 716 4371 Ualet
746 4309 846 4391 igitur
874 4307 957 4371 idem
987 4306 1072 4389 quod
1095 4304 1230 4369 uerbum
