3038 4980
746 422 810 486 119

224 624 282 674 λαν
296 609 318 692 ¹)
348 609 416 689 πρὸς
445 607 486 672 τά
515 605 712 690 μεσημβρινοί.
735 607 796 672 oh.
818 608 915 674 Isoor.
939 609 990 693 12,
1013 610 1057 674 44
1078 609 1144 680 τοὺς
1166 606 1332 689 βαρβάρους

221 721 396 787 ἀνέστειλαν
418 722 478 786 ἀπὸ
499 727 553 794 τῆς
569 710 735 795 ’ίαλάσσης
759 721 934 787 Translatio
957 721 1032 787 inde
1054 723 1150 806 petita
1173 722 1250 786 haec
1266 726 1330 787 est:

216 832 306 900 αίτιον
335 834 364 899 δ’
396 832 491 914 ἔμοιγε
520 832 625 916 νομίζω
655 837 707 899 τοῦ
739 832 871 919 τοιούτου,
902 829 933 921 ᾗ
948 833 1137 916 ἰσχυρότατος
1167 834 1182 897 ὃ
1211 835 1330 914 σεισμὸς

215 946 339 1028 ἐγένετο,
375 946 455 1013 κατὰ
484 951 569 1013 τοῦτο
601 945 792 1013 ἀναστέλλειν
814 970 848 1011 τε
869 946 922 1020 την
944 946 1097 1013 ίοίλασσαν
1120 946 1171 1012 καί
1194 944 1333 1021 ἐξαπίνης

214 1061 305 1128 ποίλιν
330 1060 534 1141 ἐπισπωμένης
556 1060 711 1142 βιαιότερον
734 1060 787 1136 την
809 1061 957 1126 ε’πίιιλυσιν
979 1068 1070 1126 ποιεῖν
1093 1064 1122 1139 3,
1145 1063 1196 1140 89,
1220 1037 1331 1126 5.Hoc

213 1179 284 1243 loco
314 1177 388 1243 libri
418 1174 610 1241 ἀποστέλλειν
641 1177 850 1254 tradiderunt,
881 1180 913 1241 ut
943 1178 1062 1261 optimo
1091 1178 1162 1242 iure
1192 1174 1331 1242 Cobetus

216 1292 354 1357 correxit
384 1288 585 1356 ἀναστέλλειν.
608 1287 696 1355 Huic
718 1293 803 1356 enim
826 1288 1040 1355 emendationi
1062 1308 1263 1374 summopore
1284 1289 1329 1354 f-

213 1409 293 1471 uent
326 1405 389 1470 loci
423 1405 463 1470 de
499 1404 618 1490 quibus
652 1423 749 1490 supra
779 1405 903 1489 egimus
932 1405 973 1487 (3,
1008 1405 1059 1488 98,
1094 1405 1131 1485 1,
1162 1403 1192 1488 6,
1224 1403 1275 1480 70,
1299 1405 1330 1486 3)

212 1524 244 1585 et
278 1539 394 1605 magno
428 1523 477 1585 est
511 1519 694 1584 adiumento
731 1519 817 1603 quod
850 1516 987 1584 uerbum
1008 1515 1199 1581 ἀναστέλλειν
1221 1518 1327 1602 aptius

210 1637 362 1719 congruit
386 1653 461 1699 cum
485 1635 551 1699 his:
579 1635 615 1717 ,η
639 1630 776 1697 ίοίλασσα
794 1633 991 1698 ἐπανελθοῦσα
1013 1632 1073 1697 ἀπὸ
1094 1639 1149 1705 τῆς
1167 1629 1329 1705 τίτεοιίσης

211 1747 290 1826 W
325 1752 358 1813 et
397 1745 530 1825 κύματος
552 1745 775 1828 ἕπαναχάρησίς
797 1769 850 1819 τις.
879 1784 911 1794 -
940 1744 1170 1824 Ἐπισπαμένην
1191 1748 1330 1810 correxit

211 1860 461 1946 Hcrwerdenus‚
497 1881 592 1946 quam
616 1864 842 1927 correctionem
868 1858 1110 1945 (ἐπισπωμένης)
1137 1858 1329 1938 ciacconius,

210 1975 354 2041 Stuhlius
378 1977 497 2060 aliique
523 1980 716 2060 receperunt.

256 2087 449 2167 Ἀποτὲμνειν
480 2089 553 2176 (cfr.
578 2087 778 2175 ἀποτέμνειν),
800 2093 836 2154 ut
861 2093 945 2155 reete
968 2089 1193 2156 animaduertit
1214 2088 1325 2153 Blum-

209 2221 285 2281 mer,
315 2208 364 2270 est
394 2206 549 2280 terminus
580 2205 745 2270 technious
767 2206 802 2269 in
823 2204 920 2270 rebus
942 2204 1148 2271 militaribus:
1172 2207 1324 2271 interclu-

208 2316 283 2382 dere
305 2317 444 2402 aliquem
467 2319 606 2396 auxiliis,
630 2319 729 2403 copiis
753 2323 820 2396 etc,
841 2338 904 2402 quo
917 2337 1013 2384 sensu
1026 2320 1163 2384 occurrit
1173 2318 1321 2406 Xenoph.

205 2428 289 2496 Heli.
313 2430 342 2510 6,
365 2433 394 2509 2,
418 2433 446 2495 7.
468 2431 534 2496 Ρο1
560 2433 588 2516 1,
611 2433 663 2515 84,
687 2432 714 2495 7.

252 2544 394 2610 Uerbum
423 2546 483 2611 hoo
505 2547 693 2611 translatum
716 2546 833 2631 legitur
855 2547 950 2613 Thuc.
975 2549 1006 2632 8,
1028 2548 1081 2631 46,
1103 2550 1125 2610 4
1147 2544 1252 2626 τρίβειν
1275 2539 1321 2611 οὖν

204 2657 318 2722 ἐκέλευε
347 2662 457 2739 πρῶτον
488 2658 672 2742 ἀμφοτέρους
702 2660 753 2726 καί
788 2659 1005 2740 ἀποτεμόμενον
1032 2662 1069 2734 ὥς
1099 2658 1232 2738 μέγιστα
1261 2659 1321 2724 ἀπὸ

203 2774 260 2834 τάν
292 2771 441 2845 Αίηναίιον
469 2771 557 2836 ἔπειτ’
581 2772 635 2848 ἤδη
659 2775 725 2846 τοὺς
748 2775 989 2848 Πελοποννησίους
1012 2773 1190 2850 ἀπαλλοίξαι
1212 2776 1245 2840 ἐκ
1266 2782 1320 2848 τῆς

204 2883 313 2967 χώρας,
343 2891 379 2949 ut
410 2891 564 2971 utrosque
587 2890 676 2972 prius
698 2893 843 2955 attereret
866 2894 898 2955 et
920 2890 976 2956 ubi
999 2911 1095 2975 quam
1117 2891 1256 2975 plurima
1278 2891 1317 2955 ab

203 2997 455 3064 Atheniensibus
477 3002 674 3085 resecuisset,
694 3007 771 3066 tunc
791 3003 920 3068 demum
940 3003 1188 3088 Peloponnesios
1206 3023 1248 3068 ex
1260 3024 1318 3069 sua

202 3112 330 3195 regione
354 3112 532 3178 dimitteret.
555 3113 730 3180 Scholiasta
751 3118 992 3201 interpretatur:
1017 3119 1211 3197 στερησαντα.

248 3222 310 3299 Qui
332 3224 477 3291 hostibus
500 3246 565 3290 non
589 3229 714 3312 cedunt,
738 3230 794 3294 sed
816 3249 912 3314 quem
936 3237 1086 3314 ceperunt
1107 3230 1215 3295 locum
1235 3231 1314 3295 obti-
1375 3272 1378 3278 -

201 3343 278 3402 nent
300 3341 426 3423 proprie
449 3339 598 3406 dicuntur
620 3339 764 3422 ἀπέχειν,
787 3344 815 3426 1,
839 3344 890 3426 11,
915 3345 950 3425 1;
972 3344 1001 3426 8,
1013 3344 1065 3427 86,
1079 3345 1106 3410 7.
1117 3344 1203 3409 Huic
1215 3345 1312 3410 uerbo

201 3452 372 3534 opponitur
393 3451 537 3516 ἐνδιδόναι.
557 3455 654 3538 Apud
673 3454 850 3521 Homerum
868 3457 944 3522 huic
963 3458 1061 3524 uerbo
1082 3461 1133 3525 uis
1145 3462 1314 3525 resistendi
1380 3515 1384 3523 .

200 3562 343 3626 nondum
369 3572 417 3629 est
441 3566 592 3651 subiecta,
616 3567 807 3634 obtendendi
830 3573 1073 3657 opponendique
1096 3578 1222 3639 tantum
1245 3577 1313 3641 uim

199 3676 302 3742 habet.
333 3677 385 3741 Ex
414 3680 473 3743 hac
503 3683 612 3745 nutiua
640 3685 770 3748 notione
800 3684 886 3750 facili
915 3689 1042 3773 negotio
1073 3689 1225 3772 paulatim
1257 3691 1312 3756 illa

198 3789 295 3854 altera
325 3795 447 3857 exstitit
472 3814 508 3858 ac
531 3800 639 3879 postea
662 3816 718 3881 per
741 3799 980 3865 similitudinem
1004 3802 1113 3867 multis
1136 3803 1239 3868 modis
1263 3812 1310 3870 est

200 3970 344 3980 ———

234 4073 260 4137 1)
282 4074 348 4127 Cum
372 4077 454 4141 aptior
477 4078 519 4129 hic
543 4094 597 4130 esse
615 4081 740 4150 uideatur,
757 4082 842 4149 Poppo
859 4083 953 4151 inquit,
970 4091 1125 4154 reprimendi
1143 4109 1222 4158 quam
1239 4111 1311 4147 amo·

200 4166 278 4215 uendi
304 4168 374 4217 notio
398 4169 506 4220 Behheri
521 4172 695 4223 coniecturam
713 4176 862 4239 recepimus.
881 4177 914 4226 Et
930 4193 1000 4232 nunc
1018 4198 1094 4234 nemo
1109 4185 1161 4235 iere
1176 4187 1311 4238 lectionem

189 4257 325 4309 ·traditam
341 4261 409 4311 tueri
426 4266 539 4314 conatur.
