3038 4980
741 502 784 565 43

202 709 301 774 quam
323 692 428 753 mente
452 693 647 774 conceperat,
668 691 748 774 ipsis
771 689 881 768 uerbis
900 692 1055 757 indicauit
1074 691 1181 756 addita
1198 692 1314 756 uocula

202 799 303 882 ὥσπερ.
325 802 406 866 Uide
425 802 693 867 introductionem
705 803 738 884 ¹).
758 804 932 882 Τεχνιῖιθνι
951 806 1035 870 idem
1056 809 1105 870 est
1125 825 1162 868 ac
1184 805 1313 870 artificis

201 936 301 980 manu
325 916 447 1000 aliquid
467 915 624 1000 perticere.
646 914 790 1001 Cumque
811 917 875 981 doli
887 937 923 982 ae
934 918 1062 983 fraudes
1074 937 1167 1003 saepe
1180 938 1313 1002 magnae

202 1031 280 1094 artis
314 1031 449 1114 speciem
484 1049 559 1114 prae
594 1049 628 1095 se
656 1030 766 1114 ferant,
797 1031 932 1096 uocibus
962 1031 1054 1122 πὲχνρ
1086 1037 1117 1097 61
1139 1031 1179 1112 τῷ
1202 1033 1313 1111 πεχνῖιν

202 1144 289 1208 haud
312 1163 383 1208 raro
407 1145 575 1228 scriptores
598 1147 742 1227 utuntur,
764 1143 820 1208 ubi
842 1147 948 1230 agitur
970 1147 1009 1210 de
1029 1147 1127 1211 uariis
1146 1147 1312 1210 hominum

202 1256 345 1322 artificiis
369 1261 464 1341 atque
486 1257 619 1321 insidiis.
644 1252 775 1321 Ἥκισπιι
798 1256 855 1339 γὰρ
879 1257 1007 1336 πόλεμος
1030 1257 1080 1323 ἐπὶ
1102 1261 1194 1340 ῥητοῖς
1213 1265 1311 1339 χωρεῖ,

202 1370 292 1442 αὐτὸς
322 1369 351 1434 δ’
377 1370 435 1452 ἀφ’
464 1369 553 1434 edroi
576 1368 617 1433 roi
640 1369 739 1434 πολλὰ
762 1373 908 1450 πεχνῖιπνιι
931 1372 999 1453 πρὸς
1022 1373 1055 1437 πὸ
1077 1370 1312 1453 πιιριιπύχχνινον
1357 1434 1360 1439 ,

204 1485 234 1567 1,
268 1485 340 1567 122,
375 1485 403 1548 1.
437 1484 520 1548 Belli
550 1486 635 1549 enim
665 1505 853 1570 progressus
884 1489 1027 1551 omnium
1058 1488 1188 1551 minime
1219 1489 1312 1552 certis

202 1596 330 1682 legibus
362 1597 454 1674 fiunt,
484 1598 539 1662 sed
570 1600 676 1682 ipsum
707 1617 764 1682 per
786 1618 820 1664 se
842 1599 1032 1685 plerumque
1054 1601 1313 1678 comminiscitur,

203 1729 286 1794 quae
320 1710 359 1774 ad
395 1729 556 1795 quemque
591 1716 743 1776 euentum
775 1717 851 1776 sunt
880 1715 1053 1778 commoda.
1077 1714 1216 1778 Pulchra
1237 1714 1313 1778 haec

202 1843 410 1908 personarum
440 1825 533 1889 fictio.
550 1824 718 1907 Tyrannus
741 1826 804 1911 1116,
828 1828 913 1912 quod
936 1828 1055 1893 bellum
1079 1833 1204 1912 uocant,
1225 1828 1313 1913 leges

203 1936 265 2002 sibi
287 1937 459 2021 praescribi
481 1958 547 2003 non
569 1940 696 2023 patitur,
719 1942 787 2024 ipse
810 1960 884 2006 suas
906 1943 1033 2007 inuenit
1054 1944 1134 2027 uiae,
1154 1945 1223 2027 ipse
1242 1944 1312 2026 qui-

204 2051 267 2117 bus
292 2071 372 2137 opus
395 2058 442 2118 est
464 2054 588 2118 inuenit
612 2058 704 2120 artes.

248 2165 464 2249 Περιπέχννσις,
489 2169 652 2250 calliditas
675 2170 793 2255 legitur
816 2173 845 2254 3,
869 2172 921 2254 82,
941 2173 978 2234 3:
998 2173 1053 2234 πῶν
1071 2170 1099 2233 π’
1112 2167 1313 2250 ἐπιχειρήσεων

203 2282 412 2362 περιτεχνήσει,
448 2288 481 2348 61
512 2284 572 2348 hoc
602 2304 668 2348 uno
698 2284 768 2349 ioco
798 2285 883 2369 apud
905 2288 1060 2368 nostrum,
1083 2289 1192 2370 postea
1215 2287 1311 2349 etiam

203 2398 289 2482 apud
323 2395 468 2461 Caesium
502 2396 647 2462 Dionem.
682 2397 735 2460 Ἐν
768 2394 899 2479 πιιρέρχιρ
933 2399 993 2462 hoc
1026 2399 1105 2462 mihi
1135 2398 1312 2462 notandum

202 2512 341 2596 uidetur,
369 2511 585 2594 Thucydidem
608 2514 733 2597 saepius
757 2511 855 2577 uerba
878 2491 1047 2578 excedisse
1069 2513 1109 2577 ad
1132 2512 1313 2577 similitudi·

202 2647 278 2693 nem
309 2645 430 2710 eorum,
461 2642 543 2711 quae
572 2628 607 2689 in
638 2645 698 2691 suo
727 2645 842 2711 genere
865 2627 905 2691 ad
927 2626 1011 2691 idem
1035 2629 1202 2711 pertinent,
1226 2627 1313 2710 quod

201 2744 271 2827 ipse
304 2741 450 2808 intendit.
482 2741 534 2806 Sic
564 2738 765 2822 περιπέχννισις
798 2744 829 2805 61
852 2738 974 2821 περίννινι
997 2740 1041 2825 (3,
1064 2742 1116 2824 43,
1141 2741 1171 2824 3)
1194 2743 1314 2825 optime

200 2855 434 2940 intellegantur
456 2855 664 2920 similitudine
687 2854 824 2939 quadam
846 2874 918 2919 oum
942 2855 1129 2920 cohaereant
1148 2875 1221 2919 cum
1242 2856 1312 2920 aliis

201 2969 360 3035 eiusmodi
390 2968 534 3053 uocibus,
561 2962 651 3033 uelut
679 2966 833 3048 περιουσίν,
857 2965 1009 3049 περιερχίιι.
1033 2968 1229 3052 Praepositio
1252 2967 1316 3049 περ1

201 3102 366 3148 summum
407 3083 525 3146 indicat
565 3082 709 3167 gradum,
750 3081 848 3147 uerbo
889 3086 945 3146 aut
984 3084 1107 3147 nomini
1149 3103 1223 3147 oum
1266 3087 1313 3148 est

200 3196 388 3281 praeposita.

245 3308 365 3373 Eodem
407 3310 543 3392 pertinet
583 3308 719 3374 uerbum
762 3310 966 3388 μειχιινὸισθνι.
1007 3309 1107 3374 Uelut
1140 3310 1170 3392 4,
1204 3310 1256 3392 46,
1290 3311 1312 3373 4

200 3425 397 3502 μηχανῶνται
431 3419 535 3486 τοιόνδε
567 3446 604 3507 πι,
635 3425 868 3489 clandestinum
899 3425 959 3489 hoc
988 3426 1100 3490 ineunt
1131 3425 1311 3488 consitium.

201 3539 263 3605 cfr.
296 3541 327 3623 4,
358 3538 409 3622 26,
442 3540 461 3602 9
492 3537 584 3602 πνινπί
609 3562 643 3602 πε
672 3539 765 3620 τρόπῳ
788 3537 920 3620 ἓκιιπὲρον
943 3541 1109 3619 ε’πεχνῶνπι.
1134 3538 1310 3605 Sescentiee

199 3655 261 3717 hoc
294 3652 429 3718 uerbum
465 3654 601 3716 occurrit
633 3653 687 3717 cfr.
722 3656 752 3718 4.
783 3655 836 3736 47,
860 3656 898 3735 2,
924 3655 952 3737 5,
975 3655 1028 3738 45,
1051 3657 1080 3718 2.
1103 3654 1233 3739 Semper
1255 3656 1312 3738 qui

198 3767 312 3832 foedus
342 3767 462 3832 feriunt
493 3768 543 3832 his
573 3769 668 3832 certis
699 3771 835 3831 utuntur
867 3767 991 3832 uerbis:
1017 3765 1095 3844 μήτε
1118 3765 1210 3849 τέχνῃ
1235 3765 1313 3845 μήτε

199 3887 336 3964 μηχανῇ,
359 3881 433 3946 1116
458 3882 487 3964 5,
511 3881 561 3959 18,
583 3881 605 3943 4
627 3884 658 3945 61
680 3882 808 3965 passim.

243 3994 429 4060 Promisoue
451 3995 545 4076 haec,
569 4014 657 4059 nunc
679 3995 805 4080 proprie
825 4013 908 4079 quae
927 3993 967 4058 ad
979 3993 1129 4078 quodque
1141 3992 1310 4057 artificium

200 4109 265 4172 sint
292 4080 456 4173 referenda
487 4108 664 4173 uideamus.
692 4108 744 4172 Ab
765 4109 973 4175 architectura
996 4111 1159 4192 sumptum
1183 4108 1312 4172 uidetur
1405 4200 1409 4209 p

201 4263 346 4273 ——m—

210 4352 238 4419 1)
257 4353 419 4405 introductio
437 4369 461 4419 p.
479 4351 521 4406 m.
