3038 4980
840 516 882 580 50

301 706 453 790 loquitur,
477 704 564 788 quod
587 722 709 788 semper
733 703 836 768 ualuit
856 703 1049 786 plurimum3
1073 703 1156 767 hanc
1175 707 1283 767 tamen
1303 722 1417 770 uocem

303 821 360 904 qui
383 838 448 883 non
465 819 575 908 audit,
597 816 736 881 Homero
759 822 842 881 certe
864 815 993 881 habebit
1013 815 1118 900 fidem,
1143 818 1199 900 qui
1221 818 1292 901 ipso
1316 817 1416 882 uerbo

302 933 399 998 ἰάσθαν
434 953 499 997 nou
532 934 596 998 nisi
625 933 664 998 de
694 933 844 998 sanandis
876 931 1066 997 uulneribus
1096 953 1175 997 usus
1207 936 1256 997 est
1279 934 1417 1018 saepius.

302 1046 357 1110 Nil
385 1047 502 1111 mirum
534 1047 633 1131 igitur
659 1048 688 1110 si
709 1047 773 1109 iam
795 1045 917 1129 pridem
943 1065 1016 1109 cum
1041 1046 1124 1110 mala
1146 1051 1252 1111 essent
1276 1048 1418 1111 sananda

307 1163 475 1245 scriptores
498 1159 537 1224 ab
560 1161 619 1224 hac
641 1160 816 1224 medicinae
834 1163 922 1243 parte
940 1161 1421 1246 sumpserintquautiucllcnt,

305 1275 484 1358 imaginem.
506 1268 596 1336 ’Άνεν
618 1270 860 1352 ἀνααΦνσβηναν
871 1271 1031 1353 τεκμηρίων
1042 1270 1202 1349 βαναεῦσαί
1211 1296 1238 1336 σν
1250 1273 1418 1347 ἀνήκεστον.

309 1387 337 1472 1,
369 1388 442 1470 132,
474 1388 493 1450 5
520 1389 589 1451 sine
612 1386 788 1450 manifestis
810 1386 936 1451 indiciis
961 1387 999 1451 de
1021 1388 1092 1451 uiro
1115 1386 1270 1472 Spartano
1296 1389 1421 1472 aliquid

307 1503 439 1586 grauius
466 1501 644 1567 decernere.
668 1499 739 1564 Hoc
757 1499 855 1564 uerbo
874 1504 956 1565 tecte
975 1500 1174 1585 significatur
1184 1521 1288 1585 poena
1299 1505 1422 1588 capitis,

308 1634 390 1698 quae
424 1634 526 1699 poena
560 1614 656 1680 semel
691 1614 852 1698 persoluta
884 1615 989 1679 sanari
1021 1634 1085 1679 non
1119 1619 1231 1700 potest.
1265 1615 1422 1696 Σφακένσν

307 1724 399 1806 μηδὲν
429 1727 529 1792 παθεῖν
558 1726 725 1801 ἀνήκεστον.
763 1729 792 1810 3,
820 1729 872 1810 39,
897 1727 915 1789 7
939 1729 1072 1812 grauius
1097 1729 1175 1812 quid
1198 1731 1329 1813 perpeti.
1354 1729 1423 1810 Πρίν

305 1865 334 1906 σν
363 1839 519 1914 ἀνήκεστον
542 1839 591 1905 brol
615 1841 705 1918 μέσον
728 1839 879 1919 γενόμενον
902 1841 984 1918 ἡμᾶς
1006 1840 1206 1919 καταλαβεῖν,
1232 1844 1422 1927 priusquam

306 1954 398 2019 nobis
434 1955 556 2018 aecidat
588 1973 687 2038 graue
722 1954 809 2038 quid,
840 1955 927 2038 quod
960 1955 1071 2018 sarciri
1100 1975 1166 2019 non
1200 1958 1301 2040 possit
1322 1959 1424 2042 impe-

309 2069 446 2152 diatque,
469 2069 642 2151 quominus
665 2068 829 2132 internos
851 2069 1102 2132 reconciliemur.
1126 2071 1157 2153 4,
1180 2072 1232 2153 20,
1257 2071 1286 2154 1,
1310 2071 1365 2135 cfr.
1392 2072 1423 2156 5,

310 2182 382 2264 111,
407 2183 425 2244 3
449 2176 614 2261 ξυμφάρανς
637 2178 814 2254 ἀνηκέστοις,
841 2181 1071 2247 calamitatibus
1095 2183 1279 2267 desperatis

353 2294 416 2372 Qui
448 2297 595 2380 sequitur
627 2296 718 2360 locus
754 2295 879 2360 silentio
910 2316 976 2360 nou
1002 2298 1252 2381 praetereundus
1276 2300 1425 2364 uidetur:

310 2411 340 2495 3,
359 2411 411 2494 45,
432 2411 451 2473 5
475 2411 512 2481 ὡς
533 2405 642 2482 ἓκάσση
667 2432 711 2481 rer
734 2406 896 2488 astrixerat
916 2408 966 2472 ὑπ’
985 2408 1144 2483 ἀνηκέστου
1163 2411 1237 2484 σννὸς
1257 2410 1424 2492 κρείσσονος.

310 2522 404 2600 Quod
425 2525 532 2606 sciam,
555 2524 632 2588 haec
655 2522 751 2588 verba
774 2525 862 2586 omni
885 2523 982 2588 dubio
1005 2526 1125 2589 maiora
1147 2527 1218 2590 uisa
1241 2529 1320 2591 sunt
1343 2529 1424 2592 uiris

310 2637 420 2704 doctis.
445 2636 503 2702 Est
524 2641 630 2701 tamen
654 2637 740 2721 quod
764 2636 905 2702 dubitem
930 2640 1036 2703 sintne
1057 2659 1170 2705 reuera
1193 2661 1212 2704 a
1234 2641 1422 2724 Thucydide

308 2753 354 2816 sic
376 2754 501 2836 scripta.
523 2751 594 2816 Hoc
616 2752 746 2835 quidem
769 2757 906 2817 utuntur
929 2755 1119 2837 testimonio,
1141 2755 1227 2839 quod
1246 2760 1332 2821 recte
1345 2756 1422 2821 dici-

307 2871 360 2930 tur
383 2863 517 2929 ἀκεῖσθαι
541 2865 727 2946 sadducum
752 2870 784 2930 at
807 2868 834 2930 si
857 2863 985 2943 adlapsa
1003 2867 1084 2932 illud
1104 2869 1287 2952 uehemens,
1308 2869 1424 2954 dequo

308 2980 421 3063 agitur,
445 2997 523 3043 uoce
544 2984 673 3057 κρεῖσσον
697 2978 904 3063 significatur,
928 2980 1009 3044 duae
1032 2982 1139 3065 inepte
1157 2984 1336 3066 permixtae
1348 2988 1425 3048 sunt

309 3094 464 3177 imagines
495 3097 527 3158 ct
556 3113 622 3156 uon
653 3095 722 3158 sine
749 3095 894 3159 molestia
916 3094 1014 3159 uerbo
1038 3093 1186 3176 ἀνηκέστῳ
1211 3098 1345 3163 sedandi
1369 3119 1425 3164 ex·

309 3199 481 3293 piendique
512 3206 670 3273 subicitur
699 3210 794 3273 notio.
827 3207 912 3285 Quid
942 3212 971 3274 si
1000 3230 1057 3295 pro
1088 3208 1247 3284 ἀνηκέστου
1277 3213 1425 3298 legamus

309 3320 468 3396 ἀνικάσονά
490 3321 540 3385 Ita
563 3322 670 3386 omnia
693 3323 772 3386 mihi
793 3323 946 3388 uidentur
969 3325 1115 3409 expedita
1134 3329 1165 3389 et
1184 3326 1285 3390 multo
1299 3328 1426 3412 elegan-

310 3436 384 3518 tius,
416 3455 480 3519 qua
510 3435 607 3499 semel
638 3455 718 3500 usus
749 3440 806 3520 est,
836 3442 1020 3520 perseuerat
1051 3439 1189 3523 imagine
1211 3437 1425 3522 Thucydides.

311 3548 437 3633 Optime
467 3550 552 3614 enim
582 3549 665 3614 inter
695 3569 730 3614 se
760 3557 942 3635 congruunt
968 3550 1110 3626 ἀνίκητον,
1135 3559 1260 3633 κρεῖσσον
1283 3559 1317 3620 et
1338 3555 1426 3620 κατέ-

310 3665 425 3743 χεσθαι.
455 3662 544 3728 Haec
567 3664 695 3728 uidetur
718 3683 788 3729 csse
811 3667 983 3730 sententia:
1003 3671 1098 3750 prout
1121 3668 1240 3752 singuli
1263 3673 1427 3736 constricti

311 3782 460 3842 tenentur
491 3777 599 3861 aliqua
628 3778 800 3862 cupiditate
832 3780 1076 3864 uehementiore,
1103 3801 1200 3865 quam
1232 3802 1315 3866 quae
1339 3785 1428 3849 uinci

312 3893 423 3976 possit.

356 4004 426 4069 Hoc
456 4004 540 4068 idem
567 4005 606 4068 ad
630 4023 732 4088 genus
755 4007 923 4090 pertinent,
947 4025 1030 4091 quae
1053 4012 1249 4091 sequuntur:
1274 4009 1426 4093 ἀνάληψη

314 4118 343 4200 5,
367 4116 418 4200 65,
442 4118 461 4178 2
486 4117 556 4199 (hoc
579 4136 644 4181 uno
662 4117 731 4183 loco
751 4121 835 4204 apud
846 4119 1063 4202 Thucydidem
1076 4124 1242 4205 occurrit);
1256 4126 1426 4192 scholiasta

312 4231 553 4314 interpretatur:
578 4229 736 4309 deportator,
760 4232 941 4313 scriptore.
965 4232 1129 4299 Sententia
1152 4236 1333 4304 illustratur
1354 4260 1425 4306 ner·

140 4373 143 4381 ¹
257 4423 260 4431 Ι
312 4343 362 4408 bis
386 4362 468 4428 quae
494 4345 524 4428 5,
548 4343 599 4428 63,
624 4346 643 4408 3
666 4345 834 4431 leguntur:
854 4345 985 4428 ῥύσεσθαν
1003 4346 1060 4422 aar
1079 4346 1176 4422 αἰτίας
1196 4370 1230 4417 se
1249 4352 1328 4419 dicit
1336 4355 1426 4441 Agis
