3038 4980
730 500 771 565 70

202 702 310 752 λενσαν
339 686 455 760 πάντας
486 685 551 759 τοὺς
574 683 751 758 ἐσελθόντας.
775 687 863 754 Haec
886 693 933 754 est
955 710 973 753 a
997 691 1166 754 uenatione
1188 696 1320 776 sumpta

202 804 316 887 imago,
348 822 411 886 qua
440 801 601 885 pulchrior
623 800 811 886 pleniorque
834 802 932 866 altera
954 821 1019 866 non
1041 803 1207 867 inuenitur
1231 805 1319 888 apud

201 915 425 998 Thucydidem.
444 914 618 998 Nonnulla,
632 913 752 999 quibus
773 916 831 979 hac
843 917 877 980 in
888 935 923 981 re
935 916 1033 1000 uulgo
1047 921 1183 980 utuntur
1194 936 1318 981 uenan-

203 1032 284 1094 tium
308 1029 414 1113 uerba,
438 1030 489 1092 hic
511 1030 670 1113 leguntur.
695 1028 846 1093 Ferarum
871 1031 935 1094 ritu
954 1033 1116 1115 tamquam
1135 1031 1170 1093 in
1181 1031 1318 1096 insidias

202 1145 237 1207 in
259 1144 395 1208 hominis
417 1145 535 1228 priuati
558 1142 725 1207 cuiusdam
749 1143 896 1207 incidunt
914 1144 1096 1227 praedium3
1115 1144 1202 1208 fossa
1223 1147 1319 1229 quasi

202 1257 351 1342 indagine
377 1258 472 1320 cincti
494 1257 638 1340 undique
663 1256 873 1320 includuntur
895 1276 954 1322 nec
977 1256 1080 1321 ullum
1108 1257 1227 1322 habent
1249 1259 1318 1323 exi-

203 1374 283 1453 tum,
304 1370 466 1454 totiusque
488 1371 549 1433 loci
573 1370 742 1433 circuitum
767 1373 935 1434 uenatores
957 1371 1071 1434 imitati
1095 1371 1250 1436 custodiis
1272 1373 1317 1436 ita

204 1484 456 1568 complectuntur
477 1483 697 1566 Athenienses,
720 1488 757 1547 ut
780 1503 872 1549 nemo
895 1484 970 1548 inde
992 1482 1075 1548 elabi
1096 1486 1197 1568 possit
1208 1488 1241 1564 1).

248 1596 308 1661 His
332 1615 461 1681 quoque
484 1595 592 1661 uerbis
616 1633 656 1642 —
683 1597 712 1680 5,
737 1597 809 1680 111,
833 1599 852 1660 3
874 1634 914 1644 -
935 1616 976 1662 ex
996 1597 1317 1684 eodemfontepetita

205 1709 354 1774 omnibus
387 1709 529 1794 partibus
564 1708 708 1773 absoluta
741 1711 921 1775 continetur
954 1711 1068 1795 imago.
1101 1718 1229 1786 Πολλοῖς
1260 1712 1318 1794 γὰρ

205 1820 404 1904 προορωμένοις
434 1820 476 1886 ἔτι
498 1823 528 1895 ἐς
550 1816 596 1886 οἷα
618 1821 752 1904 φέρονται
776 1823 808 1888 τὸ
830 1823 952 1905 αἰσχρὸν
975 1821 1152 1903 καλούμενον
1176 1823 1318 1904 ονοματος

205 1936 362 2015 ἐπαγωγοῦ
387 1933 508 2014 duratus
531 1932 722 2002 ἐπεσπάσατο
745 1938 892 2012 ἡσσηθεῖσι
914 1941 965 2002 τοῦ
985 1935 1126 2026 ῥήματος,
1146 1935 1220 2020 ἔργῳ
1239 1936 1316 2018 ξυρο-

206 2055 310 2133 Φοραῖς
332 2048 499 2125 οὲννκὲστονς
521 2048 632 2123 ἑκόντες
655 2059 822 2132 περιπεσεῖν.
843 2052 888 2116 Ut
906 2054 1049 2118 auicolae
1061 2073 1126 2117 non
1138 2074 1317 2139 nunquam,

206 2166 264 2231 etsi
289 2166 398 2230 uident
421 2165 506 2249 quod
528 2165 590 2230 sibi
612 2167 757 2230 imminet
779 2165 966 2250 periculum,
989 2185 1059 2231 esca
1083 2170 1189 2232 tamen
1214 2169 1318 2233 allecti

206 2278 320 2343 misere
342 2280 522 2363 capiuntur,
546 2281 592 2343 sio
615 2280 709 2343 etiam
731 2279 943 2343 inueniuntur
965 2279 1109 2344 homines
1129 2282 1195 2364 qui,
1208 2302 1317 2366 quam·

205 2394 256 2457 uis
290 2393 324 2456 in
358 2394 523 2477 praecipiti
551 2412 586 2458 se
616 2413 685 2457 esse
715 2393 853 2476 uideant,
875 2394 1074 2477 turpitudine
1097 2395 1195 2459 stulte
1220 2417 1316 2481 quam

209 2510 366 2589 metuunt,
389 2507 573 2592 perturbati,
598 2508 633 2571 ui
650 2507 771 2571 fallacis
793 2509 932 2572 nominis
954 2508 1149 2573 inducantur
1172 2513 1209 2573 ut
1232 2511 1316 2576 ultro

212 2622 224 2683 i
262 2621 467 2705 grauissimas
484 2621 627 2685 incidant
645 2622 846 2686 calamitates.
867 2606 1067 2687 Calamitates
1079 2642 1197 2709 resque
1209 2628 1317 2690 cuius-

207 2753 335 2818 cunque
367 2736 492 2819 generis
523 2734 666 2800 difficiles
692 2736 848 2819 imprimis
878 2735 1099 2820 significantur
1119 2737 1219 2802 uerbo
1242 2761 1317 2819 περν-

207 2845 322 2911 πίπσενν
343 2849 505 2914 translato.
529 2848 591 2915 Cfr.
615 2851 645 2933 2,
666 2850 717 2933 54,
737 2853 772 2931 l;
798 2852 828 2934 2,
847 2851 899 2934 59,
920 2851 957 2933 2;
984 2850 1012 2934 1,
1032 2852 1086 2935 43,
1111 2850 1146 2932 1,
1171 2851 1315 2938 5,14,3;

209 2963 238 3044 8,
262 2962 313 3045 27,
338 2963 374 3043 3;
398 2962 427 3045 8,
451 2964 502 3045 33,
527 2964 554 3026 3.
640 2966 641 2970 ’

249 3073 379 3159 Legitur
409 3076 438 3158 1,
461 3077 514 3160 25,
539 3077 555 3137 l
588 3075 618 3138 ἕν
641 3072 736 3156 ἀπόρῳ
760 3072 881 3154 εἴχοντο,
906 3077 965 3140 hoc
989 3097 1054 3141 uno
1078 3082 1204 3143 tantum
1228 3081 1316 3162 loco;

205 3189 276 3253 aliis
298 3189 378 3254 locis
402 3193 438 3254 ut
461 3192 492 3273 3,
513 3191 565 3273 22,
586 3191 605 3252 6
630 3210 687 3274 pro
710 3187 829 3268 ἔχεσθαι
852 3190 987 3255 uerbum
1006 3185 1076 3256 εἶναι
1096 3198 1145 3257 est
1158 3196 1316 3261 usitatius.

202 3302 384 3368 Herodotus
418 3323 494 3368 uero
529 3308 560 3369 et
595 3304 685 3368 Plato
718 3306 845 3389 saepius
876 3305 935 3368 hoc
967 3305 1065 3371 uerbo
1090 3309 1141 3371 usi
1166 3313 1251 3394 sunt,
1273 3312 1317 3375 ita

201 3421 308 3482 tamen
340 3421 377 3482 ut
408 3418 551 3502 eandem,
584 3438 678 3502 quam
709 3419 793 3502 apud
824 3418 1011 3504 Homerum,
1043 3421 1216 3489 obtinuerit
1238 3427 1315 3490 uim.

202 3530 237 3596 Si
265 3551 359 3616 porro
389 3551 470 3616 quae
499 3533 584 3617 apud
615 3533 781 3598 Platonem
812 3532 930 3599 Criton.
961 3537 1003 3598 43
1036 3534 1060 3599 O
1090 3536 1260 3621 leguntur:
1285 3540 1314 3604 ἐν

200 3641 348 3716 τοσαύταις
389 3641 554 3726 ξυροφοραος
594 3643 763 3710 οὶλίσκονταν
805 3651 836 3712 et
878 3667 961 3732 quae
1004 3656 1202 3734 sequuntur:
1244 3650 1315 3718 αλλ’

202 3757 281 3821 οὐδὲν
304 3758 411 3830 αὐτούς
434 3755 583 3823 ε’πνλύεταν
606 3757 622 3832 ν
646 3757 744 3831 ἡλικία
766 3758 799 3824 τὸ
822 3758 865 3838 μὴ
889 3758 958 3840 οὐχὶ
981 3761 1163 3840 ἀγανακτεῖν
1182 3774 1220 3848 τῇ
1240 3790 1314 3850 παρ-

201 3867 268 3952 ον’σρ
299 3869 389 3953 τύχρ,
415 3877 639 3958 comparentur
669 3893 742 3938 cum
766 3875 814 3952 iis,
837 3895 919 3959 quae
946 3877 1017 3941 aliis
1040 3878 1118 3942 locis
1141 3879 1316 3946 inueniun-

200 3989 262 4070 tur,
295 3990 333 4051 ut
366 3987 446 4052 Plat.
482 3988 521 4052 de
557 3987 691 4073 Republ.
725 3991 754 4072 3,
778 3988 893 4053 3751)
917 3995 948 4056 et
971 3991 1052 4055 Phil.
1076 3993 1118 4055 45
1142 3993 1187 4057 Β;
1212 3993 1264 4060 καὶ
1288 3997 1318 4060 ἕν

230 4242 257 4310 1)
274 4243 435 4296 Suauissima
455 4245 576 4312 allegoria
593 4261 608 4297 a
626 4247 763 4299 uenatione
779 4253 884 4314 sumpta
899 4250 951 4302 huc
967 4266 1034 4315 quae
1051 4251 1163 4316 pertinet
1179 4253 1315 4306 inuenitur

199 4335 264 4388 Plat.
280 4336 322 4387 De
337 4336 436 4402 republ.
453 4336 477 4404 4,
494 4335 543 4387 432
564 4338 592 4390 Β.
