3038 4980
877 489 941 551 124

346 675 453 762 phora.
478 676 506 752 6,
530 676 580 758 18,
603 677 622 737 2
646 674 687 738 εί.
704 725 710 739 .
726 722 754 737 ..
780 679 974 759 φιλοκρινοῑεν,
993 676 1021 738 si
1039 676 1135 740 nimis
1155 677 1250 741 anxie
1270 683 1459 762 quaererent

345 790 431 853 unde
453 793 559 853 essent
582 788 716 852 oriundi.
737 788 796 852 Cfr.
817 788 949 853 Bekker.
969 787 1088 852 Anccd.
1109 787 1216 854 Graec.
1230 790 1269 851 71
1283 789 1459 871 φυλοκρίνειν

346 902 443 982 κυρίως
466 900 520 979 μὲν
543 900 575 965 τί
597 899 654 973 τοίς
675 900 776 982 φυλὰς
799 900 855 973 τοίς
878 902 907 964 ε’ν
930 907 998 973 ταῖς
1021 899 1121 964 τίλεσι
1145 901 1300 982 διακρίνειν,
1326 902 1459 980 σημαίνει

345 1015 376 1078 u
398 1013 449 1079 καί
470 1015 501 1079 τὸ
524 1012 599 1079 οίλλο
622 1038 651 1077 τι
676 1011 842 1078 διατάττειν
865 1012 916 1078 καί
941 1013 1094 1095 διακρίνειν.
1121 1015 1181 1080 cn.
1206 1015 1280 1080 Luc.
1304 1018 1420 1082 Abdic.
1439 1020 1459 1081 4

345 1126 577 1208 φιλοκρινοιίντοιν
611 1127 666 1197 τοὶς
700 1125 804 1200 νίσους.
840 1126 982 1193 Uerbum
1017 1128 1086 1210 hoc,
1116 1131 1151 1191 ni
1173 1128 1274 1211 fallor,
1297 1132 1459 1214 prouerbii

346 1242 451 1307 locum
475 1243 612 1306 obtinuit
635 1246 665 1306 et
683 1241 748 1306 fere
766 1243 850 1306 idem
870 1242 955 1306 ualet
974 1261 1026 1305 ac:
1046 1242 1166 1305 nodum
1187 1244 1221 1305 in
1240 1245 1344 1327 scirpo
1365 1264 1458 1328 quae

345 1376 423 1422 rere.
456 1356 515 1420 Cir.
547 1358 643 1420 Arist.
672 1355 739 1419 Pol.
764 1356 803 1417 21
828 1351 887 1419 ίίεν
911 1353 1018 1433 ε’λὲχίκ
1042 1351 1093 1418 καί
1118 1355 1150 1419 τὸ
1173 1359 1239 1432 ,μὴ
1264 1359 1458 1438 Φυλοκρινείν”

346 1470 414 1551 πρὸς
437 1469 503 1542 τοὺς
526 1466 670 1549 ἒξετυΖειν
696 1470 736 1532 τα
759 1468 828 1546 γένος
855 1467 1055 1546 βουλομένους.

389 1584 510 1648 Ciuitas
541 1583 621 1648 bene
644 1589 680 1647 ut
701 1583 897 1667 gubernetur
921 1602 1001 1667 opus
1025 1589 1073 1648 est
1094 1582 1232 1666 tributis,
1257 1604 1339 1667 quae
1361 1587 1457 1671 uulgo

346 1698 473 1762 ciuibus
495 1699 704 1781 imponuntur
724 1697 886 1761 interdum
909 1697 1003 1760 etiam
1027 1697 1458 1763 ultroofferuntur.T1ibuta

346 1831 453 1875 annua
476 1813 532 1894 qui
554 1811 698 1894 pendunt
723 1807 889 1892 εἰσφέρουσι,
912 1809 1092 1874 uoluntarie
1114 1815 1220 1874 autem
1245 1813 1302 1894 qui
1323 1814 1359 1875 in
1378 1832 1456 1877 rem·

345 1927 506 2011 publicam
528 1925 695 2008 pecuniam
719 1923 885 1987 conferunt
908 1920 1062 1986 ἐπιδιδόναι
1083 1923 1243 1989 dicuntur.
1258 1924 1319 1988 Otr.
1333 1917 1361 2009 6,
1375 1926 1456 2008 31,3

345 2034 494 2119 ε’τιφοροίς.
528 2037 702 2101 Translatio
735 2036 809 2104 inde
840 2040 913 2099 nata
944 2038 974 2118 4,
1005 2037 1056 2119 11,
1086 2039 1107 2099 4
1138 2035 1181 2112 μὴ
1204 2036 1369 2111 οίτοκνῆσαι
1391 2037 1456 2102 οίντί

347 2150 487 2230 μεμοίλιον
517 2151 679 2231 εὐεργεσιῶν
707 2148 763 2222 τας
787 2153 857 2221 ναῦς
881 2155 941 2220 τοῖς
966 2149 1203 2228 Λακεδαιμονίοις
1227 2151 1256 2213 ἐν
1279 2151 1320 2232 τῷ
1343 2153 1457 2233 παρόντι

347 2265 498 2349 ἐπιδοῦναι,
531 2284 572 2328 ne
602 2264 784 2329 dubitarent
814 2265 892 2329 socii
914 2283 971 2347 pro
995 2266 1118 2348 magnis
1142 2263 1304 2328 beneficiis
1328 2285 1457 2330 suarum

347 2381 479 2443 nauium
502 2379 605 2443 facere
628 2379 791 2441 iacturam.
814 2376 944 2461 Legitur
968 2379 996 2460 2,
1021 2378 1074 2460 43,
1098 2378 1115 2439 1
1141 2374 1299 2441 κοίλλιστον
1321 2377 1347 2441 δ’
1368 2376 1458 2459 ἔρανοι

347 2494 424 2572 αὐτῇ
458 2490 627 2575 προιέμενον,
662 2493 904 2576 pulcherrimam
939 2492 1137 2556 collationem
1172 2492 1332 2575 quandam
1367 2493 1457 2557 facie-

348 2607 425 2670 bant
437 2607 468 2686 ¹).
500 2602 622 2686 Ἕραυος
654 2606 769 2669 dicitur
801 2643 841 2651 —
866 2605 919 2668 cfr.
944 2605 1062 2669 Bookh.
1087 2603 1160 2669 Oec.
1183 2605 1251 2669 diu.
1278 2607 1306 2689 1,
1330 2606 1395 2670 346
1419 2643 1456 2652 -

348 2721 387 2784 de
418 2722 532 2804 quauis
555 2720 721 2782 collatione
747 2721 780 2781 in
805 2738 900 2782 usum
925 2719 1094 2802 priuatum,
1119 2719 1173 2782 sed
1198 2719 1236 2782 de
1258 2719 1299 2783 iis
1322 2739 1459 2802 praeser-

347 2835 414 2915 tim,
438 2852 520 2916 quae
549 2834 583 2895 in
606 2831 724 2895 bonum
749 2850 917 2895 commune
941 2831 1156 2896 conferuntur.
1180 2830 1250 2895 Hoc
1275 2851 1375 2897 sensu
1397 2833 1459 2897 fere

346 2946 431 3010 idem
455 2950 502 3008 est
525 2964 561 3008 ac
583 2942 762 3024 συνεισφοροί.
788 2942 892 3019 Quare
917 2945 1009 3008 etiam
1033 2944 1148 3008 bacin
1173 2963 1207 3008 re
1230 2946 1349 3030 legitur
1369 2943 1459 3026 ἔρανοι

348 3057 494 3139 εἰσφέρειν,
526 3079 600 3122 cum
630 3064 735 3121 tamen
767 3057 864 3121 uerba
895 3063 979 3122 certa
1012 3063 1107 3141 atque
1129 3065 1256 3142 recepta
1280 3060 1346 3125 sint
1368 3057 1460 3138 ἔρανον

348 3171 498 3255 προίεσθαι,
533 3178 569 3235 ut
599 3176 683 3256 patet
713 3174 795 3235 inter
826 3172 888 3235 alia
911 3190 952 3235 ex
974 3173 1024 3254 iis,
1050 3190 1132 3255 quae
1155 3173 1251 3237 habet
1273 3171 1388 3254 Lysias
1411 3175 1459 3256 21,

351 3288 392 3348 12
429 3286 499 3361 ὑμῖν
533 3285 610 3349 οὐδὲν
640 3291 783 3365 προεῖνται
814 3288 868 3346 τῶν
899 3284 1042 3364 σφετέρων
1074 3286 1175 3349 αὐτῶν.
1208 3285 1363 3352 Eiusdem
1387 3294 1460 3354 sunt

348 3402 473 3484 generis
497 3419 577 3483 quae
601 3401 629 3482 3,
652 3401 703 3480 45,
728 3399 747 3461 6
770 3399 938 3483 leguntur:
964 3396 1022 3462 Καί
1047 3398 1063 3471 ἡ
1087 3397 1166 3476 τύχη
1191 3400 1240 3462 ἐπ’
1261 3400 1364 3473 αὐτοῖς
1384 3402 1460 3466 οὐδὲν

348 3509 472 3574 ἔλασσον
494 3508 705 3587 ξυμβάλλεται
725 3511 754 3582 ἐς
773 3511 806 3573 τὸ
826 3511 957 3594 ἐπαίρειν,
970 3518 1000 3576 et
1013 3517 1135 3596 praeter
1145 3514 1206 3576 ista
1218 3515 1321 3597 ipsius
1335 3535 1460 3600 quoque

349 3625 495 3689 fortunae
517 3644 581 3688 non
604 3625 742 3690 minores
765 3629 870 3708 partes
893 3627 1021 3689 suntin
1041 3626 1457 3694 efferendisanimis.Sensu

349 3740 475 3824 proprio
499 3741 634 3802 occurrit
656 3737 803 3822 Xenoph.
825 3738 926 3802 Anab.
950 3742 978 3821 l,
1001 3740 1028 3821 1,
1048 3739 1067 3802 9
1086 3737 1459 3818 χρίματασυνεβοίλλοντο

349 3855 429 3933 αὐτῷ
460 3854 499 3924 είς
521 3851 573 3924 τὴν
597 3851 705 3932 τροφὴν
729 3856 784 3914 τῶν
806 3856 995 3932 στρατιωτῶν.
1019 3853 1081 3918 cn.
1105 3852 1223 3917 Herod.
1249 3855 1278 3938 7,
1302 3856 1354 3918 29.
1378 3855 1458 3940 Opes

350 3970 405 4050 qui
437 3966 603 4030 conferunt
634 3966 674 4029 ad
704 3974 768 4030 rem
801 3966 938 4049 aliquam
970 3967 1179 4051 peragendam
1211 3967 1306 4032 ualde
1329 3975 1458 4053 prosunt

350 4084 395 4144 rei
418 4080 630 4164 peragendae,
658 4080 733 4143 inde
756 4081 831 4143 huic
854 4079 951 4144 uerbo
975 4082 1026 4143 uis
1049 4081 1201 4144 translata
1223 4083 1328 4146 inesse
1351 4085 1457 4167 coepit,

385 4327 411 4393 1)
429 4329 445 4377 i.
454 4343 476 4378 e.
493 4328 575 4378 uitam
593 4328 786 4393 profundebant.
