3038 4980
737 480 781 541 42

199 664 318 748 quibus
352 664 616 729 translationibus
648 663 689 728 ab
720 666 761 729 iis
789 666 897 749 petitis
927 685 1008 729 usus
1037 666 1080 729 sit
1099 664 1311 748 Thucydides

242 777 316 841 Non
347 797 442 842 omne
467 779 554 861 quod
575 779 682 862 agitur
703 797 827 862 semper
848 777 889 841 ad
910 778 1020 862 ipsum
1041 798 1123 863 opus
1145 780 1312 864 perficien-

200 892 277 956 dum
311 895 456 976 pertinet,
488 893 545 957 sed
579 897 636 956 aut
668 894 704 955 iu
733 896 954 956 oruamentum
986 894 1091 976 operis
1112 895 1236 958 accedit
1256 899 1313 960 aut

200 1024 266 1067 non
295 1010 343 1068 est
368 1006 415 1069 rei
437 1005 615 1070 ordinariae
636 1006 693 1070 sed
716 1004 908 1070 subsiciuae.
930 1005 1011 1070 Inde
1032 1006 1258 1073 translationes
1280 1008 1313 1072 ἐκ

199 1117 342 1199 παρέργου
366 1121 395 1202 1,
419 1121 492 1203 142,
516 1121 553 1201 93
575 1121 606 1203 7,
627 1121 681 1204 27,
702 1122 723 1183 4
745 1120 775 1183 ἓν
797 1118 932 1200 παρέργῳ
955 1120 986 1201 6,
1010 1120 1063 1203 69,
1087 1122 1117 1186 3.
1141 1120 1205 1186 His
1223 1142 1313 1207 prae·

200 1234 306 1297 missis
328 1234 521 1316 incipiamus
541 1233 582 1298 ab
604 1235 675 1318 ipso
696 1233 837 1297 artificio.
857 1231 962 1312 Τέχνη
981 1254 1034 1298 ars
1052 1236 1124 1298 sine
1142 1235 1312 1300 artificium

199 1347 317 1411 dicitur
339 1348 488 1432 primitus
512 1348 553 1412 de
574 1348 802 1413 exercitatione
823 1367 989 1430 manuum,
1009 1347 1125 1412 deinde
1145 1349 1314 1416 dementis

200 1460 323 1525 habitu.
343 1460 510 1544 leguntur
534 1461 562 1542 l,
586 1462 637 1544 71,
661 1463 682 1523 2
705 1461 799 1525 haec:
824 1463 872 1522 νῦν
895 1459 926 1524 δὲ
948 1458 1150 1541 ἆρχοιοᾶπροποι
1173 1461 1256 1540 ὑμῶν
1273 1463 1314 1528 τὰ

199 1571 425 1650 &maclam
447 1573 516 1654 πρὸς
539 1573 647 1647 αὐτούς
669 1574 756 1646 ἐστιν,
778 1572 897 1651 ἀνάγκη
919 1573 947 1638 δ’
966 1571 1060 1654 <terea
1077 1572 1190 1653 τέχνης
1208 1573 1256 1639 ἀεὶ
1274 1575 1315 1641 rai

198 1687 412 1765 ἐπιγιγνόμενον
432 1694 558 1767 κροτεῖν.
583 1687 642 1751 Kal
667 1686 858 1767 ἡσυχαζούσῃ
881 1687 938 1764 μὲν
959 1688 1042 1751 πόλει
1060 1687 1188 1770 ἀκίνητα
1199 1689 1314 1767 νόμιμα

199 1800 315 1881 ἄριστοι,
346 1802 414 1880 πρὸς
444 1801 544 1865 πολλοὶ
573 1801 601 1866 δ’
631 1799 882 1880 &vandopera
913 1799 983 1864 ῐὲνπο
1004 1807 1118 1874 relatis
1141 1800 1192 1866 aci
1216 1803 1313 1868 ἐπιπε-

200 1913 335 1993 χνήοεοος
366 1914 421 1988 δεῖ,
451 1913 546 1995 δοέπερ
571 1913 623 1979 ul
646 1914 688 1978 ποὶ
709 1918 766 1978 τῶν
788 1914 947 1988 Ἀθηναίων
967 1915 1028 1978 ἀπὸ
1049 1922 1104 1988 πῆς
1126 1916 1315 1998 πολυπειρίας

202 2026 253 2090 ἐπὶ
275 2026 364 2092 πλέον
386 2028 467 2106 ὑμῶν
488 2029 668 2093 πεπαίνονται.
690 2030 834 2114 Imagine
855 2031 924 2112 hac,
947 2049 1012 2114 qua
1033 2030 1203 2096 semelest
1225 2052 1315 2112 usus,

201 2147 385 2227 perseuerat
425 2142 634 2224 Thucydides
677 2142 832 2207 Corinthii
871 2142 1194 2208 lacedaemoniorum
1229 2146 1315 2211 uitae

203 2256 417 2320 conditionem
451 2259 585 2320 inertem
616 2277 653 2320 ac
680 2257 866 2341 languidam
895 2256 1024 2321 turbare
1052 2258 1228 2342 cupientes,
1250 2279 1315 2343 quo

202 2369 328 2451 melius,
358 2389 441 2453 quae
471 2369 600 2452 uellent,
629 2370 815 2453 indicarent,
842 2371 895 2434 usi
916 2375 992 2435 suut
1014 2371 1161 2456 exemplo
1182 2372 1315 2439 artificis

202 2484 381 2568 cuiusdam,
403 2488 460 2569 qui
483 2486 577 2569 quasi
599 2485 703 2548 omnis
725 2485 873 2550 aemulus
895 2483 979 2550 absit
1000 2488 1036 2549 in
1059 2505 1119 2550 sua
1136 2489 1314 2553 artenimis

203 2601 336 2682 antiqua
364 2604 462 2684 atque
486 2598 628 2663 obsoleta
648 2597 822 2683 praefracte
843 2599 959 2662 retinet
980 2603 1014 2664 et
1034 2618 1121 2663 noua
1140 2600 1209 2685 illa,
1232 2620 1315 2686 quae

202 2732 283 2776 usus
305 2714 503 2797 scientiaque
523 2712 698 2776 attulerunt
721 2714 926 2794 incrementa,
943 2732 1001 2797 pro
1019 2732 1056 2777 re
1073 2717 1150 2776 nata
1169 2715 1315 2779 insnum

202 2846 299 2890 usum
332 2846 397 2890 non
432 2830 632 2908 conuertens,
662 2825 810 2890 omnibus
841 2826 976 2890 aemulis
999 2845 1056 2910 par
1078 2844 1149 2891 esse
1171 2832 1315 2893 conatam.

204 2938 329 3015 Quibus
354 2942 383 3024 l,
406 2941 457 3022 70,
480 2941 498 3002 1
524 2939 679 3003 Corinthii
701 2944 838 3003 utuntur
859 2939 968 3004 uerbis
989 2938 1317 3008 lacedaemoniorum

204 3055 306 3116 uitam
339 3057 370 3116 et
399 3053 645 3117 Atheniensium
671 3056 709 3117 ut
730 3052 884 3137 effingunt
904 3058 1002 3137 atque
1023 3055 1215 3138 exprimant,
1236 3057 1316 3124 haec

204 3169 232 3230 si
266 3171 490 3250 comparantur
523 3186 597 3230 cum
626 3168 667 3231 iis
690 3186 772 3250 quae
797 3166 826 3250 l,
850 3167 902 3250 71,
924 3170 945 3230 2
967 3167 1157 3246 referuntur,
1180 3170 1317 3236 eandem

204 3281 271 3345 fere
291 3282 438 3365 utrisque
459 3282 648 3345 sententiam
670 3282 776 3346 inesse
798 3280 891 3346 facile
913 3281 1082 3366 apparebit.
1105 3279 1212 3357 Quare
1235 3286 1317 3349 mihi

206 3414 310 3459 errare
342 3394 495 3458 uidentur
529 3396 585 3479 qui
617 3399 730 3478 putent
763 3395 985 3478 Athenienses,
1019 3393 1204 3475 νεωτεροποιοὶ
1238 3418 1316 3463 cum

205 3509 362 3590 dicantur,
391 3527 498 3572 rerum
527 3528 686 3573 nouarum
717 3509 848 3594 cupidos
870 3529 941 3573 esse
962 3510 1129 3593 putandos
1152 3509 1316 3577 Continuo

204 3625 289 3687 enim
312 3624 392 3686 uitio
415 3622 509 3686 datur
530 3621 797 3706 Lacedaemoniis,
820 3623 907 3707 quod
931 3625 1101 3708 antiquum
1123 3644 1230 3689 rerum
1251 3631 1317 3692 sta-

203 3741 271 3800 tum
293 3738 457 3813 retineant,
479 3737 526 3799 nil
548 3738 625 3801 noui
648 3737 776 3802 addant.
801 3736 886 3813 Quid
909 3738 995 3821 quod
1020 3739 1049 3820 1,
1073 3739 1124 3820 71,
1147 3740 1167 3801 2
1190 3737 1232 3802 τὰ
1250 3740 1317 3804 ἕπο-

202 3847 378 3926 οηδεύμοιτοι
419 3869 530 3914 eorum
571 3847 771 3931 ἀρχοοότροποο
811 3851 985 3915 dicuntur?
1022 3849 1139 3916 Nonne
1172 3857 1204 3916 et
1237 3854 1318 3920 haec

202 3966 412 4048 interpretum
434 3983 573 4029 errorem
596 3965 768 4030 ostendunt
789 3966 863 4031 luce
884 3965 1027 4029 clarius?

248 4077 321 4143 Duo
351 4079 386 4141 in
415 4079 465 4142 his
488 4078 596 4144 uerbis
620 4079 698 4142 mihi
721 4081 816 4144 etiam
840 4080 954 4144 leuiter
975 4079 1225 4164 perstringenda
1248 4081 1317 4146 Uo-

205 4190 318 4256 cabulo
351 4187 559 4272 ἀρχοοόπροπος
593 4211 634 4258 ex
662 4192 780 4257 Atticis
810 4212 896 4257 unus
919 4197 951 4257 et
971 4192 1031 4256 hoc
1053 4211 1119 4256 uno
1140 4192 1211 4257 loco
1232 4214 1316 4262 usus

204 4311 252 4372 est
280 4306 491 4392 Thucydides,
512 4313 544 4373 et
569 4327 635 4373 non
658 4310 723 4373 nisi
743 4327 881 4394 perraro,
904 4313 941 4374 ut
961 4309 1022 4394 hio,
1045 4310 1314 4393 comparationem
