3038 4980
733 498 794 561 111

198 685 346 770 publicae
379 685 476 750 saluti
508 687 544 749 in
578 685 726 750 omnibus
756 704 790 751 se
820 705 929 770 parere
962 688 1113 751 simulant
1136 687 1192 752 sed
1215 706 1312 771 quam

199 800 288 862 uiam
306 800 466 864 munitent
486 799 638 882 quodque
660 800 720 863 iter
739 799 885 864 affectent
903 801 1069 881 uidemus3
1083 799 1310 884 rempublicam

201 912 286 976 enim
316 913 418 996 ipsam
449 931 581 976 suorum
613 913 822 977 certaminum
846 914 1022 997 praemium
1046 913 1108 977 sibi
1131 920 1313 998 proponunt

200 1030 232 1091 et
267 1044 461 1110 quoeunque
494 1029 628 1109 possunt
662 1024 756 1089 modo
787 1029 943 1090 certantes
974 1025 1028 1089 alii
1059 1026 1138 1090 alios
1169 1045 1318 1110 superare

200 1145 365 1204 conantur.
395 1139 447 1204 sic
478 1141 510 1217 8,
542 1139 594 1222 87,
626 1139 645 1202 9
673 1138 696 1202 οἱ
719 1136 825 1215 ἀγαθοὶ
848 1137 1023 1215 τιμήσονται
1045 1145 1106 1211 τοῖς
1129 1139 1316 1220 προσήκουσιν

198 1250 295 1324 θθιιοις
324 1259 377 1326 τῆς
410 1251 530 1336 θροτῆς,
552 1251 649 1318 fortes
672 1254 831 1336 praemiis,
855 1253 973 1337 quibus
997 1253 1037 1318 ob
1060 1255 1214 1318 uirtutem
1238 1259 1315 1319 sunt

201 1366 300 1451 digni,
323 1366 530 1431 ornabuntur.
553 1365 642 1430 Haec
663 1365 816 1450 leguntur
839 1369 868 1450 3,
888 1368 939 1450 38,
960 1370 995 1430 2:
1017 1367 1033 1439 θ
1054 1366 1085 1430 δὲ
1103 1365 1187 1440 πόλις
1207 1368 1239 1431 ἐκ
1259 1371 1316 1431 τῶν

199 1479 312 1543 τοιῶνδε
341 1478 459 1556 ἀγώνοιν
490 1479 530 1542 τοὶ
561 1475 615 1555 μέν
638 1470 717 1543 ἆθλα
741 1476 840 1559 ἑτέροις
864 1477 990 1552 δίδωσιν,
1015 1478 1091 1552 αὐτὴ
1114 1479 1146 1543 δὲ
1168 1479 1234 1553 τοὺς
1257 1503 1316 1544 κιν·

200 1590 299 1664 δθνονς
328 1590 474 1674 ἀναφέρει.
508 1591 595 1656 Iacta
618 1591 685 1658 alea
708 1597 786 1676 esto,
810 1595 857 1657 sic
880 1595 1086 1661 concionatur
1110 1593 1225 1676 Oleon;
1250 1616 1315 1660 non

200 1711 248 1771 est
271 1725 328 1769 cnr
350 1707 465 1770 iterum
491 1705 530 1769 de
552 1703 754 1786 Mytilenaeis
778 1705 926 1770 feramus.
952 1705 1145 1790 Quicunque
1169 1709 1257 1773 aliud
1280 1728 1317 1772 ac

200 1819 296 1902 paulo
326 1823 399 1882 ante
430 1818 630 1882 decreuimus
655 1837 743 1882 nuuc
766 1817 1001 1883 decernendum
1024 1824 1246 1904 propositurus
1270 1828 1317 1887 est

201 1939 256 1997 aut
286 1932 433 1997 facundia
462 1931 562 1996 fretus
594 1934 769 2015 speciosam
801 1933 872 1996 odet
903 1935 1137 1998 contentionem
1161 1940 1197 2000 ut
1221 1935 1313 2000 nobis

201 2047 390 2131 persuadeat
421 2064 584 2130 perperam
609 2064 669 2109 uos
691 2045 850 2110 iudicasse
874 2051 930 2110 aut
952 2046 1034 2111 lucri
1056 2048 1192 2132 cupidus
1215 2049 1316 2114 subti-

200 2160 288 2225 litate
312 2165 343 2225 et
365 2161 520 2244 elegantia
542 2160 693 2223 orationis
716 2164 752 2223 ut
775 2179 835 2224 uos
857 2161 1003 2243 polliceat
1027 2161 1206 2227 elaborabit.
1229 2163 1315 2230 Urbs

200 2278 270 2360 ipsa
304 2274 365 2339 sibi
399 2273 539 2358 pericula
573 2292 704 2338 sumens
734 2273 891 2338 eiusmodi
920 2276 1129 2339 certaminum
1159 2275 1230 2341 aliis
1262 2276 1315 2340 dat

200 2390 348 2472 praemia.
372 2386 443 2451 Hoc
466 2407 567 2451 unum
590 2386 694 2450 adhuc
720 2385 906 2469 notandum,
923 2385 1057 2450 uerbum
1070 2386 1225 2468 ἀναφέρειν
1237 2409 1314 2454 nus-

203 2521 299 2585 quam
323 2502 370 2564 sic
392 2519 566 2582 occurrere,
589 2518 687 2583 quare
709 2498 842 2563 fortasse
861 2499 961 2564 multo
981 2502 1096 2565 melius
1112 2500 1315 2586 legiturc'orc-

201 2612 304 2695 Φέρειν.
338 2614 437 2678 Porro
467 2613 590 2697 legatur
623 2613 652 2695 6,
682 2613 734 2695 80,
764 2616 785 2676 4
809 2611 860 2675 καὶ
884 2619 937 2686 τῆς
960 2612 1037 2687 νθκνς
1062 2615 1113 2678 οὐκ
1137 2612 1315 2679 ἄλλοντινὰ

201 2721 289 2793 οἶθλον
310 2725 326 2801 ἢ
351 2727 398 2791 τὸν
421 2727 473 2799 τὴν
496 2726 572 2800 νίκνν
595 2724 792 2806 παρασχόντα
814 2726 967 2806 λήψονται.

247 2842 369 2907 Eodem
403 2861 499 2906 sensu
532 2841 669 2904 occurrit
697 2837 843 2920 στέφανος
875 2843 904 2923 2,
927 2841 978 2923 46,
1001 2839 1148 2921 ὠφέλιμον
1170 2841 1316 2924 στέφανον

200 2952 298 3019 τοῖσδέ
331 2977 367 3018 τε
397 2953 446 3019 καὶ
477 2960 535 3025 τοῖς
563 2951 741 3030 λειπομένας
771 2956 827 3016 τῶν
857 2952 969 3016 τοιῶνδε
1000 2951 1119 3030 ἀγώνων
1151 2956 1315 3040 προσθεῖσα,

200 3070 318 3135 liberos
348 3089 458 3134 eorum
492 3068 568 3132 dum
603 3066 703 3131 adulti
739 3071 834 3131 erunt
864 3069 977 3132 ciuitas
1007 3067 1135 3152 publice
1159 3070 1317 3153 educabit,

202 3185 281 3249 utile
301 3185 477 3268 praemium
490 3174 645 3247 eiusmodi
657 3183 866 3244 certaminum
879 3182 970 3245 ethis
983 3187 1013 3246 et
1024 3183 1064 3245 iis
1077 3183 1133 3265 qui
1145 3189 1318 3267 supersunt

200 3316 389 3381 proponens.
408 3295 483 3360 Huc
504 3294 666 3359 referenda
685 3298 761 3358 sunt
782 3296 875 3358 etiam
897 3314 978 3377 quae
990 3301 1186 3378 sequuntur;
1200 3296 1316 3360 dicitur

199 3409 239 3472 τθι
258 3411 359 3489 πρῶτα
378 3406 512 3489 Φέρεσθαι
533 3410 590 3492 qui
611 3408 712 3470 uictor
728 3408 910 3471 certaminis
929 3409 1107 3490 praemium
1128 3408 1241 3473 aufert.
1253 3407 1314 3472 Ofr.

199 3521 275 3587 Her.
307 3524 337 3605 8,
368 3522 439 3585 104.
469 3520 643 3585 Transtulit
672 3519 873 3600 Thucydides
897 3521 925 3602 3,
951 3520 1001 3603 56,
1027 3521 1045 3583 6
1071 3518 1123 3585 καὶ
1148 3518 1315 3598 τιμηθέντος

199 3636 229 3707 ἐς
271 3634 311 3698 τοὶ
345 3638 454 3715 πρῶτος,
488 3634 564 3698 licet
598 3635 691 3698 etiam
726 3634 862 3698 honores
897 3635 1060 3718 praecipui
1089 3634 1182 3700 nobis
1215 3636 1317 3700 habiti

201 3750 337 3830 dierint3
361 3753 393 3814 et
413 3748 527 3813 iisdem
548 3747 614 3812 fere
636 3745 744 3812 uerbis
768 3749 797 3830 3,
822 3748 873 3830 39,
893 3749 922 3811 2.
943 3747 1030 3812 Idem
1044 3748 1224 3832 significant
1236 3767 1317 3832 quae

200 3862 353 3946 leguntur
377 3861 406 3945 1,
430 3861 481 3943 69,
506 3861 523 3923 1
548 3856 623 3939 εἴπερ
645 3856 697 3922 καὶ
720 3856 772 3931 τὴν
798 3855 914 3932 οὶξίιοσιν
933 3867 985 3933 τῆς
1004 3860 1317 3941 ἄρετῆςοῦςέλενθεοῶν

199 3974 253 4048 τὴν
284 3973 429 4043 Ἑλλάδα,
450 3970 580 4054 Φέρεται.
602 3971 766 4056 Siquidem
791 3974 885 4037 etiam
909 3974 1039 4037 uirtutis
1061 3973 1257 4056 professione
1282 3994 1316 4040 se

201 4095 238 4153 ut
273 4088 466 4154 Graecorum
497 4085 698 4150 liberatorem
729 4084 873 4150 celebrat.
903 4085 952 4149 lta
983 4083 1138 4150 Corinthii
1161 4085 1316 4152 Lacedae-

202 4205 319 4269 moniis
353 4205 388 4266 in
417 4203 600 4268 memoriam
630 4206 790 4280 reuocant,
814 4221 896 4286 qnae
926 4202 1099 4267 insolenter
1122 4204 1318 4270 iactauerant

200 4317 308 4402 uerba,
332 4336 366 4383 se
390 4315 555 4382 Graeciam
578 4335 597 4379 a
620 4315 777 4380 seruitute
801 4315 982 4380 uindicasse
1007 4315 1037 4398 1,
1063 4316 1113 4400 18,
1140 4317 1168 4380 l.
