3038 4980
732 497 792 560 101

203 684 313 769 Poppo
344 683 465 748 confert
496 677 533 766 3,’
561 684 611 765 14,
636 683 672 763 l,
697 683 727 765 4,
752 683 803 765 95,
826 684 863 763 23
889 682 918 765 6,
944 683 993 764 13,
1018 684 1034 745 1
1061 703 1125 747 non
1149 687 1252 768 agitur
1276 683 1315 749 de

201 799 375 882 aliquare,
398 815 480 880 quae
503 799 536 859 in
560 795 700 860 medium
724 795 893 877 confertur,
911 796 967 860 sed
989 798 1060 880 ipso
1079 797 1219 880 periculo
1231 797 1314 861 ludi-

200 915 264 975 tur.
289 909 350 974 cfr.
374 910 488 974 Aesch.
512 907 597 992 Sept.
621 909 707 973 1028
731 913 762 973 et
784 907 902 972 Herod.
929 909 957 991 7,
982 910 1040 988 50;
1063 908 1161 972 Belrlr.
1182 910 1242 973 An.
1263 910 1315 973 Gr.

203 1024 255 1106 18,
286 1024 314 1086 1.
340 1025 369 1105 3,
393 1025 443 1105 32,
469 1024 487 1085 3
509 1024 587 1086 haec
610 1022 779 1105 leguntur:
808 1025 880 1092 ναῦς
903 1019 1133 1093 Πελοποννησίων
1152 1021 1191 1092 είς
1209 1020 1317 1084 Ἰωνίαν

201 1135 399 1216 παραβαλεῖν.
425 1135 647 1200 Controuersia
670 1140 719 1200 est
738 1138 821 1200 inter
840 1137 929 1200 uiros
949 1135 1055 1199 doctos
1077 1136 1159 1199 sitne
1178 1135 1316 1199 hocloco

201 1271 238 1316 ea
260 1250 353 1315 uerbi
376 1252 435 1332 uis,
457 1257 494 1313 ut
518 1250 704 1334 simpliciter
722 1250 827 1313 ualeat
847 1248 932 1312 idem
945 1248 1032 1332 quod
1044 1250 1176 1313 traicere
1188 1246 1316 1325 διαβαλ-

200 1378 269 1446 λειν,
298 1385 340 1428 an
369 1366 501 1428 traicere
533 1363 649 1428 audere
680 1364 881 1447 interpretari
904 1362 1020 1426 liceat?
1045 1361 1144 1427 Credo
1169 1363 1315 1447 equidem

201 1477 401 1542 Olassenium
430 1497 526 1541 causa
549 1478 676 1559 uicisse,
700 1475 786 1560 quod
809 1476 913 1539 cuiuis
936 1473 1099 1559 apparebit
1122 1479 1240 1539 attente
1259 1478 1316 1559 qui

201 1590 313 1675 legerit
342 1590 454 1672 Polyb.
484 1592 513 1672 1,
539 1591 577 1653 11
604 1587 788 1669 παραβαλως
812 1587 972 1669 περαιωθείς
996 1594 1027 1653 et
1048 1588 1188 1670 Thucyd.
1213 1591 1242 1672 3,
1266 1590 1316 1671 36,

201 1705 220 1766 2
245 1708 309 1775 νήες
331 1704 360 1774 ές
384 1701 492 1767 Ἰωνίαν
518 1701 629 1773 ἐκείνοις
653 1701 843 1778 τολμήσασαν
865 1700 1132 1781 παρακινδυνεῦσαι.

242 1815 380 1883 Ludenti
402 1819 431 1882 si
453 1822 593 1882 tesserae
616 1818 733 1881 minus·
746 1816 880 1881 feliciter
899 1814 1081 1881 ceciderrmt
1093 1835 1195 1880 unum
1207 1820 1314 1898 restat,

203 1937 240 1996 ut
274 1931 412 1996 calculos
442 1935 513 2015 apte
545 1931 699 2016 disponat,
724 1931 810 2015 quod
841 1929 953 1994 Graeci
978 1928 1123 1994 dicebant
1145 1932 1254 2000 καλῶς.
1278 1923 1317 2013 εὖ,

200 2065 435 2129 nonnunquam
465 2046 559 2110 etiam
592 2045 674 2124 ὀρθῶς
704 2041 806 2107 θέσθαι.
833 2042 936 2108 Omne
958 2042 1093 2107 dubium
1116 2042 1199 2106 tollit
1225 2042 1317 2107 Plato

199 2157 290 2243 Reip.
323 2158 373 2242 10,
405 2158 469 2222 604
501 2156 525 2222 O
556 2159 603 2222 sic
633 2156 792 2222 scribens:
824 2153 916 2236 έίσπερ
946 2155 976 2218 έν
998 2151 1105 2219 πτώσει
1127 2153 1225 2232 κύβων
1248 2157 1317 2236 πρὸς

200 2270 241 2336 τα
263 2269 440 2335 πεπτωκότα
462 2271 585 2336 τίθεσθαι
608 2268 649 2335 τοὶ
673 2270 777 2353 ἑαυτοῦ
799 2268 981 2350 πράγματα.
1006 2269 1172 2335 Praeterea
1191 2269 1316 2347 μετατί-

201 2385 306 2458 θεσθαι,
325 2405 382 2470 pro
406 2405 470 2470 quo
493 2404 587 2469 saepe
608 2382 799 2467 ἀνατίθεσθαι,
821 2388 907 2450 recte
929 2383 1045 2449 Suidas
1068 2384 1257 2469 explicauit:
1282 2384 1315 2448 τὸ

195 2475 407 2576 Ιμετατίθεσθαι
425 2498 485 2562 clud
502 2500 558 2562 τῶν
577 2496 770 2561 πεττευόντων
789 2495 841 2561 καὶ
861 2495 917 2569 τας
929 2495 1118 2574 κεκινημένας
1129 2495 1183 2570 ήδη
1195 2496 1317 2578 ώήφονς

201 2610 393 2693 διορθοθντωις
420 2612 506 2697 quod
538 2612 628 2676 latini
652 2611 763 2676 dicunt
785 2615 954 2676 retractare
976 2615 1046 2676 siue
1068 2611 1229 2677 reducere.
1254 2610 1315 2676 Ofr.

200 2727 307 2793 HerW.
330 2727 396 2792 Ion.
422 2729 486 2791 426
510 2724 692 2791 ἀνατίθεσθαι
715 2728 840 2812 proprie
863 2731 910 2791 est
933 2727 968 2789 in
987 2728 1100 2789 πεττῶν
1119 2726 1196 2791 ludo
1216 2727 1317 2790 alium

201 2841 358 2906 calculum
392 2860 509 2925 ponere
543 2839 704 2924 (Harpocr.
739 2859 763 2904 s.
787 2845 829 2920 u.)
860 2839 974 2905 deinde
1004 2859 1062 2924 per
1084 2840 1313 2925 metaphoram:

200 2958 368 3019 retractata
390 2956 547 3019 sententia
569 2973 708 3019 errorem
730 2952 906 3019 emendare.
927 2953 1027 3036 6,11,
1049 2953 1067 3015 6
1089 2953 1166 3018 haec
1179 2955 1317 3017 occurrit

200 3068 373 3134 translatio.
407 3067 520 3152 Neque
551 3068 743 3134 credendum
775 3074 823 3134 est
852 3067 1109 3133 Lacedaemoniis
1139 3067 1180 3132 ob
1203 3073 1315 3133 contu·

201 3182 328 3248 meliam
360 3187 520 3266 acceptam
551 3182 640 3247 aliud
672 3183 810 3266 cogitare
832 3183 895 3247 nisi
919 3181 1078 3266 quomodo
1100 3201 1187 3246 nunc
1209 3183 1313 3265 etiam,
1435 3170 1468 3302 ¹,

202 3296 231 3360 si
266 3297 397 3379 possint,
431 3293 601 3376 σφήλαντες
637 3295 718 3371 ήμῖις
750 3295 783 3358 τὸ
806 3293 942 3376 σφέτερον
965 3292 1093 3374 ἄπρετες
1117 3287 1149 3357 εὖ
1173 3293 1316 3368 θήσονται.

202 3405 263 3471 cfr.
296 3408 587 3489 1,75,4;5,18.
613 3409 671 3485 11;
697 3410 726 3491 8,
752 3410 863 3491 53,3;
891 3409 918 3491 l,
942 3409 993 3490 31,
1018 3410 1037 3471 3
1061 3411 1119 3473 etc.
1145 3407 1187 3472 nt
1210 3409 1239 3491 6,
1263 3410 1315 3491 89,

202 3523 222 3584 3
258 3518 337 3597 μετα
367 3520 511 3594 τάληθοῦς
541 3524 654 3585 σκοπῶν
683 3520 865 3585 ανατιθέσθω.
891 3521 925 3587 Si
948 3524 1031 3606 quic,
1053 3521 1236 3587 Alcibiades
1259 3524 1313 3604 ait,

200 3636 360 3700 immerito
395 3635 473 3699 mihi
502 3634 704 3718 irascebatur,
738 3655 825 3700 nunc
856 3655 898 3701 ex
928 3655 1005 3700 uero
1036 3654 1102 3700 rem
1127 3637 1314 3700 examinans

202 3749 392 3811 sententiam
428 3753 536 3812 mutet.
571 3747 632 3812 oe.
668 3747 730 3812 Cic.
764 3748 874 3833 fragm.
902 3749 986 3832 apud
1008 3746 1090 3812 Non.
1115 3748 1189 3832 170,
1213 3749 1254 3812 30
1278 3752 1315 3813 ut

202 3861 361 3925 calculum
392 3863 525 3926 reducas
556 3865 584 3926 si
613 3868 645 3927 te
668 3863 804 3928 alicuius
828 3864 892 3927 dati
914 3865 1061 3947 paenitet.
1087 3860 1179 3938 Quod
1203 3865 1316 3928 attinet

201 3973 405 4052 μετατίθεσθαι
442 3976 611 4041 uideantur
646 3978 677 4059 8,
709 3977 760 4059 53,
791 3978 827 4056 3,
860 3977 889 4058 5,
921 3974 1316 4065 18,11.Ambigiturde

201 4089 232 4170 4,
269 4089 321 4171 59,
354 4092 376 4150 4
410 4086 451 4151 τα
484 4086 541 4169 γὰρ
567 4086 631 4152 ίόια
662 4086 777 4152 ἕκαστον
808 4081 839 4151 εὖ
861 4086 1030 4166 βουλόμενοι
1053 4087 1087 4159 δή
1113 4085 1215 4151 θέσθαι.
1241 4086 1317 4153 Suis

204 4201 301 4266 rebus
341 4204 491 4286 priuatim
533 4203 614 4268 bene
655 4204 828 4268 consulere.
863 4202 1040 4268 Scholiasta
1073 4204 1316 4285 interpretatur:

210 4313 399 4391 οἰκονομῆσαι.
421 4314 610 4400 Kruegerus
629 4321 735 4381 tamen
759 4335 793 4380 se
815 4335 882 4380 rem
901 4335 960 4380 acu
972 4317 1112 4399 tetigisse
1125 4315 1231 4398 credit,
1244 4335 1318 4379 cum
