3038 4980
733 486 772 549 76

197 674 338 740 remissis
361 674 475 738 animis
498 678 529 739 et
551 676 738 759 priusquam
762 673 932 738 consilium
945 691 1063 737 eorum
1083 671 1184 755 magis
1206 672 1312 736 inten-

198 793 267 853 tum
289 788 392 853 fuerit.
415 788 454 851 ln
478 788 641 852 codicibus
664 787 779 872 legitur
802 786 1011 865 ξυνταχθῆναι,
1037 804 1117 869 quae
1141 789 1227 849 esset
1246 804 1312 850 me

198 903 328 986 taphora
351 906 479 986 sumpta
501 923 520 966 a
542 921 576 967 re
599 902 736 980 militari,
759 921 835 966 uera
856 902 883 964 si
904 905 988 966 esset
1000 899 1134 965 traditio.
1147 899 1192 963 At
1204 917 1312 983 neque

198 1036 271 1081 cum
303 1035 382 1081 uoce
416 1011 503 1089 δόξαν
533 1017 757 1100 similibusque
787 1015 865 1080 alibi
888 1015 1088 1079 consociatur
1110 1031 1217 1097 neque
1241 1015 1311 1077 uim

198 1130 293 1194 habet
314 1129 353 1210 τῷ
372 1126 511 1208 ἀνειμένῳ
532 1131 728 1195 contrariam.
748 1128 822 1194 Huc
834 1129 955 1193 accedit
967 1128 1053 1212 quod
1065 1127 1150 1212 apud
1161 1125 1311 1211 Xenoph.

199 1241 273 1309 Oec.
304 1245 334 1326 2,
367 1245 407 1306 18
431 1243 598 1307 inuenitur
619 1240 818 1324 ovarsccps'aa
842 1240 954 1322 γνώμα
981 1240 1041 1304 Ofr.
1065 1241 1144 1305 Plat.
1167 1239 1310 1322 Euthyd.

199 1359 262 1421 288
293 1356 322 1420 D
350 1353 561 1433 συντεταμένον
583 1353 634 1420 καὶ
657 1351 868 1435 σπουδάζοντα.
893 1354 1000 1439 Symp.
1025 1354 1088 1418 206
1111 1353 1139 1417 Β
1163 1350 1311 1425 σύντασις.

241 1470 406 1555 Leguntur
428 1471 505 1535 haee
532 1471 559 1552 7,
585 1471 635 1553 71,
660 1471 677 1532 l
702 1469 739 1533 ‘0
764 1469 791 1533 τ’
816 1469 848 1532 ἐκ
872 1472 926 1541 τῆς
949 1473 1006 1546 γῆς
1029 1465 1199 1547 ντεζός....
1219 1465 1312 1531 τολὺν

197 1579 245 1646 τὸν
278 1581 381 1659 ἀγῶνα
414 1579 464 1646 ναὶ
496 1577 636 1656 ξόττασνν
670 1574 757 1660 εἶχεν.
788 1581 946 1666 litigatur
975 1583 1058 1645 inter
1089 1582 1176 1645 uiros
1201 1581 1312 1645 doctos

199 1697 280 1760 sitne
309 1697 484 1779 genuinum
508 1696 589 1759 illud
612 1692 752 1769 ξύστασιν
775 1715 816 1760 an
839 1695 960 1760 Dukeri
984 1696 1127 1760 correxio
1151 1690 1311 1777 (ξόντατνν)

200 1811 241 1874 sit
263 1810 451 1893 recipienda.
476 1809 627 1894 Steupius
650 1811 768 1894 aliique
789 1813 965 1893 prouocant
987 1809 1027 1872 ad
1048 1808 1158 1893 Eurip.
1178 1807 1312 1893 Hippol.

200 1924 282 2004 983,
318 1922 402 1988 Cass.
436 1921 529 1987 Dion.
565 1925 616 2007 49,
653 1925 681 2007 9,
714 1926 752 2005 3,
776 1923 892 1988 Herod.
917 1923 945 2006 6,
971 1924 1031 1986 117
1057 1928 1088 1988 et
1112 1924 1140 2006 7,
1165 1923 1228 1986 167
1253 1923 1311 1987 ubi

199 2039 304 2100 τουτου
336 2036 418 2101 idem
450 2037 536 2101 ualet
562 2037 648 2120 quod
670 2034 760 2114 ἀγών.
784 2036 876 2113 Quod
900 2037 1084 2121 Euripidem
1108 2035 1311 2122 Dionemque

201 2151 312 2215 attinet
330 2150 565 2216 Herwerdenus
581 2157 687 2218 censet
700 2172 753 2217 eos
766 2154 910 2218 similiter
922 2172 991 2218 esse
1003 2153 1215 2237 corrigendos.
1227 2152 1311 2217 Thu-

200 2265 330 2347 cydides
359 2270 443 2330 certe
473 2286 618 2351 magnam
647 2268 745 2330 animi
767 2268 999 2332 contentionem
1022 2266 1188 2351 intellegit,
1213 2287 1308 2351 quam

88 2371 89 2376 ’
200 2397 279 2444 uoce
305 2374 481 2461 ,ξόντατνν”
505 2381 620 2464 optime
640 2380 839 2465 significauit.
858 2378 1029 2446 Reicienda
1048 2381 1310 2466 igiturlibrorum

200 2491 292 2556 lectio
321 2493 566 2577 recipiendaque
597 2494 725 2559 uidetur
747 2494 910 2559 translatio
933 2495 974 2558 ab
998 2515 1074 2559 arcu
1098 2500 1234 2578 sumpta.
1259 2496 1311 2559 Ad

199 2607 283 2670 idem
323 2626 425 2692 genus
466 2608 601 2691 pertinet
641 2604 758 2680 ἐντόνως
801 2609 829 2692 5,
865 2608 905 2672 70
941 2607 964 2672 οἱ
999 2603 1159 2686 ξύμμαχον
1195 2606 1312 2681 ἐντόνως

200 2724 326 2806 (magne
361 2741 433 2785 oum
468 2722 600 2805 impetu)
639 2719 691 2785 καὶ
725 2722 793 2804 ὀργῇ
824 2725 992 2802 χωροῦντες.
1023 2722 1226 2788 Aduerbium
1250 2724 1310 2787 hoc

200 2854 265 2898 uno
287 2835 357 2898 loco
380 2835 464 2918 apud
485 2834 704 2917 Thucydidem
728 2837 881 2916 occurrit;
906 2855 1066 2919 nusquam
1085 2838 1192 2900 tamen
1213 2836 1311 2900 adiec-

200 2914 312 3013 titsum.
336 2947 396 3012 cfr.
420 2948 565 3032 Xenoph.
590 2948 692 3012 Anab.
719 2950 746 3026 7,
771 2951 801 3034 5,
827 2949 844 3010 7
869 2947 985 3019 ἐντόνως
1008 2946 1116 3030 duplas!
1139 2947 1188 3012 τόν
1212 2949 1311 3027 μνσόόν

202 3066 232 3128 et
254 3061 398 3147 Xenoph.
421 3060 502 3127 Hell.
527 3063 558 3146 2,
582 3064 613 3144 4,
636 3064 688 3128 23.

246 3174 397 3257 Ἀνενμένν
421 3182 457 3256 τῇ
481 3174 575 3256 διαίτῃ
599 3212 639 3221 -
660 3177 871 3241 remissiorem
892 3177 1013 3240 cultum
1036 3178 1137 3241 secuti
1156 3176 1197 3241 ad
1208 3197 1311 3263 genus

201 3292 286 3356 uitae
320 3291 439 3354 lautius
459 3291 670 3354 transierant.
702 3289 810 3366 Ἡμεῖς
841 3288 867 3353 δ’
900 3287 1055 3367 ἀνειμένως
1080 3288 1259 3368 διαιτώμενον
1282 3293 1313 3375 2,

203 3408 253 3489 39,
287 3405 303 3468 1
336 3404 454 3488 quibus
480 3405 588 3468 uerbis
613 3408 818 3488 opponuntur
840 3404 933 3468 haec:
958 3400 1081 3484 ἕτντόνῳ
1105 3400 1236 3476 ἀσκήσει.
1261 3403 1313 3469 Sic

202 3520 340 3584 occurrit
374 3519 509 3582 uerbum
544 3515 651 3580 ἀνιέναι
687 3517 715 3600 l,
752 3518 823 3600 129,
858 3519 877 3580 3
913 3514 965 3580 καί
992 3540 1025 3579 σε
1056 3516 1134 3603 μήτε
1157 3513 1219 3591 νὺξ,
1243 3516 1312 3596 μήθ’

203 3630 295 3714 α’μέρα
330 3628 480 3710 ἐντετχέτω
516 3626 589 3694 ὥστε
623 3628 731 3694 ἀνεῖναι
765 3627 903 3710 τρόσσενν
936 3652 964 3693 τν
998 3623 1033 3692 ὧν
1067 3626 1133 3707 ἐμοὶ
1164 3628 1312 3710 ὑντνσχνεῖ.

202 3746 314 3832 Neque
344 3766 410 3810 nox
440 3764 546 3829 noque
577 3745 644 3809 dies
674 3748 705 3808 te
727 3745 861 3809 retineat
885 3748 920 3809 ut
943 3745 1119 3829 quidquam
1143 3745 1270 3810 relaxes
1293 3766 1312 3809 a

202 3862 403 3924 contentione
429 3859 599 3944 peragendi
629 3858 751 3942 aliquid
780 3877 900 3941 eorum,
932 3877 1013 3942 quae
1038 3859 1223 3942 promisisti.
1250 3857 1310 3925 cfr.

205 3977 234 4059 3,
266 3974 315 4058 10,
345 3975 383 4054 4,
416 3974 445 4057 5,
466 3973 518 4056 46,
542 3974 579 4053 2,
606 3972 634 4056 5,
659 3973 710 4054 32,
734 3973 773 4053 4,
799 3972 827 4054 7,
852 3971 903 4055 66,
927 3973 964 4052 3,
991 3973 1020 4054 8,
1045 3972 1073 4056 1,
1096 3973 1125 4035 3.
1149 3972 1203 4037 Ab
1227 3993 1311 4057 arcu,

204 4089 260 4173 qui
281 4089 442 4152 relaxatur
464 4087 541 4151 haec
564 4086 746 4169 metaphora
766 4084 904 4169 profecta
922 4084 1048 4170 longius
1068 4085 1146 4151 mihi
1158 4089 1312 4170 serpsisse

202 4202 337 4267 uidetur.

245 4314 355 4380 Telum
376 4333 508 4398 scopum
531 4313 603 4379 ferit
625 4318 679 4378 aut
702 4313 820 4378 frustra
838 4313 1011 4396 emittitur;
1034 4314 1119 4398 quod
1138 4314 1189 4379 his
1201 4316 1309 4382 uerbis
