3038 4980
738 486 779 548 22

199 694 241 741 ex
276 677 364 760 parte
399 675 515 740 animis
545 677 635 738 erant
665 672 821 738 demissis.
852 670 895 736 nt
917 671 979 736 alio
1003 671 1142 756 quodam
1165 670 1261 736 modo
1286 673 1317 756 8,

200 791 254 873 83,
289 789 309 851 2
343 787 443 864 πολλῷ
474 788 503 861 ἐς
533 784 587 860 τὴν
617 783 799 864 μισθοδοσίαν
823 784 871 850 τὸν
895 783 1085 866 Τισσαφέρνη
1109 782 1318 866 ἀρρωστότερον

199 897 368 980 νενθρνενονε
401 901 488 986 quod
519 901 559 965 ad
582 900 777 985 stipendium
802 899 994 964 soluendum
1016 898 1111 983 longe
1133 899 1319 984 languidior

199 1016 303 1082 factus
333 1020 407 1081 erat.
439 1015 500 1080 Ofr.
523 1014 670 1099 Xenoph.
695 1012 766 1078 Oec.
789 1014 820 1096 4,
843 1015 862 1076 2
886 1015 953 1076 Τῶν
973 1011 1004 1076 δὲ
1029 1009 1176 1091 σωμοίτων
1200 1014 1319 1087 θνλννο-

201 1127 293 1208 μένων
324 1126 377 1193 καὶ
400 1128 432 1192 αἱ
452 1125 556 1210 ψυχαὶ
579 1126 655 1192 πολὺ
677 1125 881 1208 ἀρρωστότεραι
904 1125 1063 1205 γίγνονται.
1086 1126 1197 1193 Huius
1221 1149 1319 1194 uoca-

199 1243 270 1309 buli
311 1262 443 1308 sensum
477 1243 641 1327 proprium
676 1241 814 1326 explicat
847 1242 1074 1325 grammaticus
1107 1242 1143 1305 in
1176 1241 1320 1308 Belrlreri

201 1358 322 1422 Anecd.
356 1356 487 1422 Graecis
520 1357 548 1440 8,
581 1357 682 1441 lsqq.
712 1353 888 1436 Ἀρρωστίαι
921 1352 1056 1432 σημαίνει
1080 1353 1135 1433 μὲν
1157 1360 1320 1437 πολλαχοῦ

202 1468 254 1542 τὴν
290 1469 378 1543 νθσον,
408 1467 490 1532 ἀλλά
522 1465 573 1532 καὶ
604 1465 742 1550 διαφέρει,
766 1465 807 1532 θτι
831 1467 847 1541 ἡ
872 1466 927 1545 μὲν
951 1465 1029 1540 νόσος
1052 1465 1116 1532 ε’στ1
1140 1466 1193 1532 καὶ
1217 1469 1321 1552 μακροὶ

202 1582 254 1650 καὶ
277 1580 478 1666 θλιγοχρθνίος,
503 1584 520 1656 ἡ
545 1582 576 1647 δὲ
598 1581 739 1664 ἀρρωστία
762 1580 815 1655 τὶρν
838 1582 1044 1664 αακροχρίνιον
1063 1581 1158 1655 δηλοῖ·
1178 1583 1202 1648 οἱ
1221 1583 1321 1662 με’ντοι

203 1696 336 1764 Ἀττικοὶ
371 1697 424 1771 τὴν
456 1696 615 1780 ἀρρωστίαν
647 1695 694 1761 ἐστὶ
727 1700 777 1761 τοῦ
808 1695 852 1775 pl
882 1697 1088 1778 apolopasin
1121 1696 1198 1774 μηδὲ
1229 1698 1322 1780 ὃραάν

206 1809 326 1894 τράξαι,
351 1810 470 1877 τιθέασι.
495 1811 528 1877 τὸ
550 1810 608 1892 νάρ
627 1809 821 1888 ἀντικείμενον
841 1819 877 1892 τῇ
897 1808 1015 1892 τοιαθτρ
1028 1810 1169 1895 ἀρρωστία
1181 1819 1322 1894 Κρατῖνος

204 1920 282 1990 εἶτεν
305 1925 444 2007 ε’ρρθσθαι,
468 1918 520 1989 οἷον
543 1924 756 2005 προθυμεῖσθαι.
1058 2012 1063 2021 .

246 2041 459 2126 Frequentius
489 2059 567 2105 uero
598 2039 686 2104 aliud
709 2042 758 2104 est
780 2038 974 2104 uocabulum
995 2038 1213 2105 infirmitatem
1238 2041 1324 2107 indi-

206 2175 292 2239 55115,
321 2151 469 2218 ἀσθένειαν
501 2155 581 2220 dico.
610 2152 698 2217 Huic
722 2153 751 2228 5,
774 2153 815 2215 95
840 2153 1010 2238 opponitur
1032 2150 1164 2232 δύναμις.
1191 2152 1323 2236 ἡφιλία

204 2266 259 2348 μὲν
282 2265 438 2342 ἀσθενείας,
462 2266 495 2332 τὸ
518 2266 549 2330 δὲ
572 2272 660 2344 μῖσος
683 2262 833 2343 δννοίμεως
856 2264 1058 2346 ταράδεινμα.

248 2381 300 2446 Ad
324 2383 431 2466 ipsum
453 2401 568 2466 corpus
592 2379 794 2446 referendum
816 2381 946 2445 uidetur
969 2382 999 2464 8,
1022 2383 1075 2465 45,
1095 2379 1321 2457 2δατανῶντες

204 2495 235 2568 ἐς
268 2496 391 2560 τοιαῦτα
424 2494 483 2576 ἀφ’
515 2488 551 2557 ἀν
581 2491 713 2558 ἀσθένεια
740 2489 908 2572 ξυμβαίνει.
933 2493 1087 2580 Sumptus
1110 2495 1264 2563 facientes
1287 2501 1324 2563 in

207 2629 252 2694 ea,
275 2628 358 2694 quae
380 2608 421 2674 ad
442 2608 671 2673 infirmandum
694 2628 810 2693 corpus
829 2611 1033 2694 pertinerent.
1052 2609 1256 2676 'translatum
1276 2617 1326 2678 est

207 2724 279 2790 aliis
309 2725 389 2789 locis
421 2727 519 2808 atque
541 2725 592 2789 his
617 2725 646 2807 1,
671 2725 700 2807 3,
725 2723 762 2804 53
789 2724 818 2806 1,
841 2723 911 2806 3,1
935 2725 1033 2808 prisci
1055 2725 1202 2790 homines
1223 2726 1325 2792 imbe-

207 2839 272 2903 cilli
306 2841 404 2904 erant.
438 2837 478 2902 ln
512 2838 623 2902 eodem
658 2839 760 2922 capite
795 2837 951 2902 uocabulo
986 2836 1118 2921 ἀσθενείρι
1151 2842 1326 2924 opponitur

206 2951 343 3018 uerbum
374 2948 495 3031 1σχύειν.
526 2951 670 3036 3,16,1
695 2951 775 3016 falsa
797 2955 864 3016 erat
889 2952 995 3037 opinio
1017 2951 1231 3020 Athenienses
1256 2974 1327 3022 esse

206 3066 389 3132 imbecillos.
423 3065 523 3130 Porro
557 3061 689 3128 ἀσθένεια
720 3065 837 3130 dicitur
867 3066 906 3130 de
936 3066 1072 3132 Athenis
1104 3068 1134 3151 8,
1166 3068 1218 3152 12,
1243 3069 1261 3132 l
1286 3070 1327 3135 de

206 3179 287 3246 urbe
318 3181 347 3263 3,
379 3181 430 3265 52,
461 3182 480 3242 2
505 3179 544 3244 de
567 3199 659 3244 muro
684 3180 713 3264 5,
737 3180 788 3257 61,
813 3181 840 3242 5.
866 3177 928 3256 oui
951 3179 1065 3244 debilis
1089 3184 1137 3245 est
1158 3182 1212 3246 uel
1235 3183 1327 3248 infir·

208 3317 282 3362 mus
312 3296 429 3361 dicitur
458 3291 588 3367 ἀσθενής.
621 3294 734 3360 Uarine
760 3295 857 3359 huius
881 3295 971 3360 uocis
994 3299 1169 3360 occurrunt
1190 3297 1326 3389 transla-

208 3411 320 3476 tiones.
356 3410 387 3495 6,
423 3410 451 3493 9,
486 3411 506 3472 3
542 3405 664 3482 ἀσθενὴς
693 3407 707 3472 o‘
738 3405 825 3486 λόγος
855 3404 892 3472 ἀν
922 3404 964 3482 είν
995 3411 1094 3473 oratio
1117 3428 1188 3474 mea
1209 3431 1328 3496 parum

209 3523 358 3610 ponderis
381 3524 423 3588 sit
445 3522 592 3588 habitura
617 3523 646 3606 l,
671 3523 700 3606 5,
725 3523 742 3585 1
767 3521 931 3601 Homines,
951 3525 1008 3607 qui
1026 3524 1213 3609 inegestate
1224 3527 1326 3592 uitam

211 3639 331 3722 degunt
372 3637 524 3702 dicuntur
565 3635 701 3720 ἀσθενεῖς,
736 3635 854 3720 quibus
895 3641 1099 3723 opponuntur
1132 3639 1327 3725 locupletes:

210 3746 309 3831 ἀνδρες
341 3749 398 3829 οὐχ
426 3749 451 3814 οἱ
471 3747 699 3814 ἀδυνατώτατοι.
725 3749 778 3814 Sic
802 3751 908 3816 hostes
931 3771 1024 3836 saepe
1048 3753 1184 3835 speciem
1208 3754 1328 3821 habent

209 3863 333 3929 roboris
358 3867 390 3929 et
412 3883 525 3929 reuera
548 3870 626 3929 sunt
648 3863 768 3928 infirmi
790 3866 821 3948 4,
846 3865 918 3950 126,
942 3867 971 3929 4.
994 3865 1109 3931 Murus
1133 3886 1227 3953 saepe
1251 3868 1329 3933 dioi-

210 3983 264 4044 tur
297 3978 444 4044 infirmus
479 3982 508 4057 4,
544 3980 572 4063 9,
605 3981 624 4042 2
657 3983 688 4045 51
719 3981 865 4046 ciuitates
890 3980 919 4064 6,
943 3981 995 4065 10,
1018 3983 1046 4044 3.
1069 3979 1176 4046 Homo
1201 3985 1259 4067 qui
1282 3989 1331 4050 est

208 4092 398 4158 imbecillior
421 4114 519 4177 quam
541 4098 579 4158 ut
601 4095 669 4158 uim
693 4095 865 4180 propulset,
889 4095 1005 4159 dicitur
1026 4094 1149 4169 ἀσθενής
1172 4097 1203 4180 4,
1227 4099 1280 4182 85,
1299 4099 1329 4162 6.

206 4206 271 4272 Res
304 4210 413 4292 gestae
447 4208 598 4273 dicuntur
626 4208 749 4274 nullius
780 4210 933 4274 momenti
964 4210 993 4294 1,
1017 4210 1069 4295 11,
1093 4211 1112 4274 3
1135 4208 1250 4296 ἀσθενῆ,
1272 4230 1324 4296 pe

212 4321 325 4386 cuniae
347 4320 463 4406 inopia.
