3038 4980
627 511 668 573 37

141 696 264 762 celebri
287 697 342 760 illa
364 699 504 763 oratione
526 697 653 764 funebri
675 699 813 765 Pericles
833 701 992 784 praeclare
1012 700 1089 764 dicit
1109 701 1149 766 de
1159 702 1210 784 iis,

97 814 155 896 qui
184 814 284 876 uitam
315 832 373 898 pro
395 814 496 897 patria
519 813 715 878 effuderunt:
740 811 791 878 καί
815 812 872 895 γαρ
895 821 956 886 τοῖς
979 806 1080 878 ruiana
1104 812 1211 895 χείροσι

96 924 204 990 δίκαιον
238 923 291 997 τὴν
322 926 352 998 ἕς
386 925 452 998 τοὺς
486 924 631 1004 πολέμους
664 925 731 1008 ὑπὲρ
761 932 815 999 τῆς
846 926 988 1008 πατρίδος
1012 925 1209 1008 ἀνδραγαθίαν

96 1037 281 1120 προτίθεσθαι.
320 1041 349 1123 2,
380 1040 434 1123 42,
464 1041 492 1103 3.
515 1041 556 1104 iis
580 1059 709 1125 quoque
733 1042 789 1125 qui
813 1042 925 1106 ceteris
948 1043 983 1105 in
1006 1040 1102 1106 rebus
1125 1041 1210 1106 dete-

94 1153 196 1217 riores
218 1157 303 1238 sunt,
327 1155 431 1218 uirtus
452 1173 548 1237 quam
567 1173 624 1238 pro
643 1156 743 1238 patria
756 1154 970 1238 ostenderunt,
982 1155 1051 1220 iure
1064 1154 1208 1219 obtentui

96 1286 167 1332 esse
209 1271 321 1351 potest.
361 1267 445 1332 Fieri
485 1272 589 1352 potest
628 1273 665 1333 ut
706 1270 740 1332 in
775 1271 842 1333 uita
875 1271 1087 1354 peccauerint,
1121 1288 1209 1332 nunc

94 1381 215 1466 gloriae
238 1383 342 1466 specie
365 1386 461 1466 atque
486 1382 607 1447 decoris
630 1383 736 1446 induti
757 1402 822 1447 non
845 1384 983 1468 amplius
1006 1387 1082 1448 sunt
1103 1402 1209 1468 neque

94 1494 253 1560 habentur
274 1496 298 1559 ii
321 1497 377 1580 qui
398 1495 530 1560 fuerunt
554 1500 654 1581 antea,
678 1497 733 1562 sed
757 1501 793 1562 ut
815 1517 833 1562 e
856 1498 924 1562 uita
945 1498 1076 1582 gloriosi
1100 1515 1210 1562 exces-

95 1614 217 1693 serunt,
251 1629 377 1674 summo
408 1610 528 1674 honore
560 1609 648 1695 digni
678 1610 717 1674 ab
750 1610 898 1675 omnibus
921 1610 1079 1675 coluntur.
1105 1609 1210 1687 Quare

93 1724 174 1786 mihi
201 1725 317 1787 mirum
341 1723 469 1788 uidetur
493 1724 579 1808 quod
603 1723 767 1789 Goellerus
791 1725 993 1790 scholiastem
1015 1728 1100 1789 recte
1122 1725 1209 1789 hunc

93 1838 201 1901 locum
243 1838 443 1921 interpretari
480 1842 580 1922 putat,
614 1838 711 1902 huius
745 1838 837 1903 uerbi
872 1840 937 1902 uim
973 1838 1106 1903 eandem
1140 1857 1210 1904 esse

93 1955 192 2036 atque
218 1954 269 2016 τοῦ
293 1952 487 2032 προτιμᾶσθαι
510 1953 674 2018 dicentem.
698 1952 774 2038 Ipsa
797 1955 882 2018 enim
904 1951 1003 2018 uerba
1024 1953 1206 2037 reclamant,

94 2070 132 2130 ut
168 2069 286 2131 attente
320 2068 376 2150 qui
404 2067 482 2152 legit
512 2066 604 2132 facile
634 2072 790 2152 agnoscet.
824 2065 916 2151 Quid,
948 2067 1034 2152 quod
1064 2068 1209 2151 proxime

94 2185 277 2264 sequuntur
300 2184 331 2244 ct
353 2181 454 2245 haec?
477 2179 579 2260 οίναθῷ
601 2177 659 2261 γθιρ
682 2181 770 2245 κακὸν
790 2179 988 2261 ἀφανίσαντες
1009 2183 1105 2252 κοινῶς
1124 2181 1207 2258 μαλ-

93 2308 144 2358 λον
176 2292 334 2375 ὠφέλησαν
363 2290 380 2366 ἢ
404 2295 437 2358 ἔκ
459 2297 515 2359 τῶν
540 2293 613 2358 ίθίων
636 2291 786 2375 ἔβλαψαν.
811 2294 926 2361 Nonne
949 2297 1025 2361 satis
1049 2315 1209 2380 superque

92 2409 238 2473 indicant
261 2428 314 2474 eos
336 2412 420 2473 recte
442 2409 609 2492 iudicasse,
632 2409 688 2492 qui
711 2412 748 2473 ut
770 2428 829 2473 nos
848 2407 982 2474 fecimus
1001 2409 1205 2473 hunclocum

93 2528 172 2589 sunt
203 2524 408 2608 interpretati.
442 2522 551 2608 Imago
585 2525 759 2608 imaginem
792 2523 938 2588 illustrat.
969 2523 1091 2589 Prioris
1121 2525 1206 2588 enim

93 2639 181 2703 uitae
210 2639 291 2703 uitia
320 2638 459 2722 primum
490 2637 567 2702 dicit
597 2637 709 2731 uelata,
740 2641 809 2701 tum
833 2656 920 2722 uero,
944 2638 1126 2722 quodplus
1149 2641 1206 2721 est,

92 2755 143 2838 iis,
178 2771 261 2836 quae
294 2751 376 2816 bene
412 2755 582 2837 gesserunt
612 2751 718 2815 oblita.
750 2750 810 2814 Ofr.
840 2751 958 2816 Herod.
992 2752 1020 2835 6,
1044 2753 1082 2814 21
1109 2748 1208 2824 τένθος

93 2865 179 2945 μέγα
201 2863 398 2948 τροεθνίκαντο.

137 2980 258 3045 Eodem
293 2979 386 3044 modo
420 2979 597 3044 sanandum
629 2979 758 3043 uidetur
788 2977 923 3043 uerbum
945 2975 1154 3060 arcuntiaco
1178 2981 1208 3059 2,

95 3096 148 3180 37,
171 3097 200 3160 2.
221 3094 388 3180 Quidquid
404 3095 489 3159 enim
501 3093 651 3178 Steupius
663 3093 845 3177 reluctatur,
856 3096 941 3158 recte
952 3092 1066 3158 fecisse
1078 3094 1206 3159 uidetur

93 3211 278 3276 Badhamus
309 3209 395 3294 quod
422 3209 560 3273 correxit
581 3205 778 3288 προτιθέμενοι.
802 3207 1031 3293 Significantur
1053 3208 1113 3272 hoc
1135 3208 1205 3273 loco

93 3327 243 3392 contrarii
266 3325 493 3410 Spartanorum
513 3341 633 3405 mores;
655 3341 753 3408 quare
773 3323 890 3407 optime
901 3323 1055 3406 interpres
1067 3321 1203 3386 latinus:

96 3459 222 3525 „neque
241 3438 419 3523 molestum,
431 3438 504 3503 licet
515 3439 695 3521 innoxium,
706 3438 800 3502 uultu
813 3437 951 3501 dolorem
963 3435 1204 3521 praeferentes.’'

91 3557 160 3642 Ipsi
183 3554 324 3639 Steupio,
345 3554 448 3618 inuito
468 3552 570 3637 credo,
590 3553 709 3617 excidit
726 3553 951 3636 interpretatio,
964 3570 1045 3634 quae
1065 3555 1205 3616 anostra

92 3690 159 3736 non
194 3669 313 3749 differt3
349 3669 476 3753 scripsit
506 3669 608 3732 enim:
643 3665 732 3750 „Wir
762 3667 899 3731 nehmen
929 3666 1011 3730 auch
1043 3666 1130 3730 nicht
1153 3666 1204 3731 die

92 3784 199 3850 Miene
229 3785 316 3848 eines
346 3782 475 3847 solchen
505 3802 555 3866 an,
578 3782 629 3847 die
655 3802 741 3846 zuar
762 3781 851 3845 nicht
874 3781 1002 3846 schadet
1025 3780 1100 3846 aber
1123 3781 1203 3846 doch

91 3901 127 3963 in
149 3898 264 3963 hohem
289 3896 393 3962 Grada
415 3895 591 3982 balistigt.''

135 4011 211 4077 Huc
241 4029 370 4096 quoque
399 4010 601 4076 referendum
628 4011 757 4075 uidetur
777 4005 950 4094 τρίσχνμα,
973 4009 1202 4077 uelamentum.

94 4130 123 4213 5,
147 4127 199 4211 30,
222 4129 241 4190 2
265 4123 429 4207 τρίσχνρσα
456 4123 488 4189 δὲ
511 4122 667 4203 ποιούμενοι
690 4122 756 4197 τοὺς
778 4120 828 4187 ἐπὶ
849 4122 966 4207 Θρρίανς
986 4121 1030 4201 μὴ
1041 4119 1200 4205 προδώσειν.

92 4242 274 4328 Speciosam
298 4259 427 4305 causam
450 4239 689 4324 praetendentes
712 4239 859 4304 dicebant
877 4258 911 4304 se
929 4258 994 4302 non
1013 4240 1202 4325 prodituros,

93 4358 149 4442 qui
184 4361 273 4422 erant
305 4356 340 4419 in
372 4354 509 4420 Thracia.
547 4356 576 4440 3,
600 4355 652 4439 82,
675 4355 706 4421 4.
735 4353 767 4418 τὸ
798 4353 828 4418 δὲ
852 4355 963 4437 σῶφρον
986 4356 1037 4418 τοῦ
1060 4350 1198 4436 σίνοίνδρον
