3098 4980
640 514 702 578 127

113 703 208 767 furto.
232 701 335 769 Sensu
358 701 508 767 translate
532 702 649 786 legitur
673 702 809 785 1,82,1
836 701 1065 767 Uerumtamen
1077 721 1142 765 non
1155 721 1227 765 sum

116 818 194 882 adeo
224 816 327 882 hebeti
355 819 471 898 animo,
495 819 531 880 ut
553 815 679 880 iubeam
704 835 763 880 uos
784 817 859 900 pati,
880 817 985 899 inquit
1007 815 1228 898 Archidamus

116 936 147 995 et
180 935 307 996 nostros
342 932 445 996 socios
480 931 563 995 laedi
597 935 628 995 et
661 930 850 995 insidiantes
884 949 951 994 non
985 930 1229 1015 deprehendere,

115 1044 220 1117 αὐτοὺς
242 1042 481 1121 ἐπιβουλεύοντας
504 1042 547 1121 μὴ
570 1046 759 1124 καταφωρᾶν.
782 1043 863 1108 Inde
882 1048 957 1108 nata
977 1044 1232 1109 estnotiehaec:

115 1160 314 1242 conuincere,
343 1161 486 1224 animum
516 1159 651 1223 alicuius
675 1158 798 1223 nudare
823 1195 864 1204 —
889 1177 988 1242 quare
1009 1158 1179 1223 scholiasta
1204 1158 1234 1240 l,

117 1273 168 1348 82,
204 1273 220 1335 l
256 1274 482 1357 interpretatur
514 1269 659 1351 ἐλέγχειν.
697 1270 757 1335 cfr.
788 1270 936 1356 Xenoph.
971 1269 1042 1352 Oyr.
1067 1273 1096 1354 8,
1121 1271 1233 1354 7,17:

116 1386 271 1450 Animum
306 1406 414 1451 meum
449 1406 514 1450 nen
549 1385 717 1468 uidebatis,
752 1385 807 1449 sed
844 1403 916 1449 eum
951 1403 1020 1449 esse
1043 1385 1234 1464 κατεφωρᾶτε

117 1497 420 1583 (deprehendebatis)
442 1519 483 1564 ex
505 1500 544 1563 iis
568 1518 650 1582 quae
674 1497 794 1583 agebat.
819 1497 871 1562 Sic
895 1500 924 1581 8,
950 1498 1000 1580 56,
1024 1500 1045 1561 4
1069 1496 1166 1569 δείσας
1190 1496 1233 1573 μὴ

118 1608 197 1675 aava
221 1613 339 1694 φωραθῇ
362 1610 505 1684 ἀδύνατος
528 1610 574 1675 ὤν.
599 1612 730 1677 Ueritus
753 1631 794 1677 ne
816 1613 880 1675 iam
906 1611 999 1695 plane
1023 1611 1234 1696 deprehende

118 1731 205 1791 retur
224 1727 304 1790 nihil
327 1745 428 1809 posse.
455 1724 515 1789 Ofr,
539 1724 648 1808 Eurip.
672 1723 773 1790 Orest.
799 1725 861 1788 738
881 1723 970 1795 κακὸς
982 1719 1114 1804 ἐφωράθη
1128 1722 1233 1803 Φίλοις.

119 1840 149 1921 8,
173 1841 224 1923 87,
249 1842 268 1902 5
291 1842 456 1919 καταφαρρῖ
479 1837 510 1902 δὲ
533 1836 669 1914 μάλιστα
692 1835 743 1901 καὶ
767 1834 800 1909 ἣν
825 1830 886 1900 εἴτε
909 1835 1054 1918 πρόφασιν
1066 1837 1097 1900 οὐ
1110 1835 1235 1914 κομίσας

118 1951 174 2024 ταὶς
197 1956 273 2024 ναῦς.
297 1952 368 2016 Hoc
391 1954 460 2016 loco
483 1951 640 2036 significat
663 1952 802 2036 prodere.
827 1950 889 2016 Ofr.
913 1950 989 2015 Luc.
1009 1950 1075 2015 Gal.
1096 1952 1147 2014 28.
1159 1949 1234 2014 Huc

119 2067 255 2150 pertinet
277 2066 307 2149 6,
330 2068 381 2144 38,
403 2064 619 2145 scirothecae
632 2064 824 2130 manifestos.
837 2064 936 2148 Saepe
948 2065 1004 2148 qui
1016 2083 1057 2128 ne
1068 2065 1234 2130 ueritatem

117 2178 253 2243 fateatur
275 2184 400 2244 recusat
423 2198 497 2243 reus
520 2179 734 2262 interrogatur
753 2179 926 2242 tormentis.
945 2177 1233 2242 Haecindetrans-

118 2292 193 2355 latio
214 2294 244 2374 3,
263 2292 314 2374 46,
335 2293 354 2354 2
374 2289 519 2372 acaronita
539 2314 572 2353 τε
590 2290 814 2371 ταρατενεῐσθαν
830 2291 859 2362 ἐς
871 2284 1045 2369 τοῦσχατον.
1061 2288 1234 2354 Obsidione

119 2404 326 2469 sustentanda
348 2404 471 2487 confici,
494 2404 618 2468 uiribus
642 2405 812 2469 exhauriri.
837 2403 897 2468 Cir.
920 2405 1000 2469 Plat.
1025 2403 1099 2485 Lys.
1124 2403 1232 2467 2040

120 2516 358 2597 reparatricem
392 2516 445 2581 ὑπὸ
480 2521 531 2580 τοῦ
567 2515 675 2581 ἀκούων
710 2516 794 2594 θαμὰ
827 2516 972 2595 λέγοντος.
1001 2517 1083 2583 Plut.
1115 2518 1182 2587 Sul.
1215 2519 1233 2580 7

120 2628 357 2710 ταρατεννόμενας
387 2628 470 2709 πόθῳ.
503 2629 565 2693 Hic
595 2631 678 2695 idem
709 2631 796 2696 ualet
831 2651 867 2695 ac
901 2631 1086 2695 κατατείνειν.
1117 2631 1234 2696 Errant

122 2745 179 2830 qui
200 2750 315 2828 putant
337 2746 389 2808 hic
410 2745 494 2810 idem
519 2746 588 2809 ess'e
612 2763 648 2808 ac
671 2747 825 2829 patienter
847 2745 991 2829 perferre.
1016 2744 1145 2811 Cassius
1164 2743 1235 2826 Dic,

122 2877 218 2942 quem
244 2859 445 2940 antistantur,
468 2858 553 2922 hunc
576 2857 682 2920 locum
705 2858 849 2922 imitatus
873 2877 942 2923 esse
963 2858 1099 2923 uidetur.
1123 2857 1234 2922 Ocnfe

121 2978 234 3036 rantur
251 2991 345 3056 perro
364 2971 490 3056 Xenph.
509 2971 616 3055 Symp.
638 2973 668 3055 l,
687 2974 715 3055 3,
736 2973 786 3035 11.
808 2971 901 3037 Mem.
923 2976 952 3055 3,
970 2974 1021 3056 13,
1033 2973 1062 3036 6.
1074 2974 1235 3058 Aristoph.

121 3084 205 3150 Nub.
237 3087 311 3169 213,
336 3085 446 3170 fragm.
469 3087 543 3149 421.
567 3085 646 3150 Plat.
672 3084 770 3151 Genu.
794 3088 857 3151 207
883 3087 911 3150 Β
933 3088 974 3167 τῷ
996 3089 1073 3168 λιμῷ
1095 3086 1235 3168 παρατεί-

125 3199 229 3263 νεσθαν.

281 3767 300 3850 5
324 3767 375 3830 20.
397 3765 604 3848 Meuplwrae
625 3788 646 3832 a
666 3766 756 3832 rebus
775 3765 911 3853 physicis
933 3773 1083 3849 sumptae.

168 3975 223 4041 Nil
257 3979 374 4042 mirum
407 3980 435 4042 si
465 3978 551 4062 quod
581 3979 617 4043 ui
647 3979 785 4062 erumpit
815 3983 910 4061 atque
941 3977 1086 4043 deuastat
1110 3997 1235 4062 compc-

125 4095 214 4155 ratur
243 4109 317 4154 cum
345 4090 488 4155 fulmine.
520 4088 746 4163 Κατατκνὶττενν
778 4092 918 4172 (uxamae
941 4091 1127 4158 :fulmen
1149 4092 1233 4158 Xen.

124 4202 225 4268 Anab.
250 4205 280 4287 3,
303 4204 332 4287 l,
356 4204 410 4287 11)
433 4208 481 4270 est
503 4204 639 4269 uerbum
662 4204 813 4270 sollenne.
836 4203 889 4268 efr
910 4206 1028 4271 Aesch.
1052 4205 1140 4272 Pers.
1162 4209 1235 4271 514:

325 4344 420 4406 κακῶν
442 4339 464 4407 ἃ
486 4341 610 4424 Πέρσαις
634 4340 856 4424 ἐγκατέσκηψεν
880 4340 947 4416 θεός.
