<?xml version="1.0" encoding="UTF-8"?>
<!DOCTYPE html PUBLIC "-//W3C//DTD XHTML 1.0 Transitional//EN"
    "http://www.w3.org/TR/xhtml1/DTD/xhtml1-transitional.dtd">
<html xmlns="http://www.w3.org/1999/xhtml" xml:lang="en" lang="en">
 <head>
  <title>
</title>
<meta http-equiv="Content-Type" content="text/html;charset=utf-8" />
  <meta name='ocr-system' content='tesseract 3.04.00' />
  <meta name='ocr-capabilities' content='ocr_page ocr_carea ocr_par ocr_line ocrx_word'/>
</head>
<body>
  <div class='ocr_page' id='page_1' title='image "./detranslationib00corsgoog_0084.png"; bbox 0 0 3038 4980; ppageno 0'>
   <div class='ocr_carea' id='block_1_1' title="bbox 646 499 688 563">
    <p class='ocr_par' dir='ltr' id='par_1_1' title="bbox 646 499 688 563">
     <span class='ocr_line' id='line_1_1' title="bbox 646 499 688 563; baseline 0.024 -1"><span class='ocrx_word' id='word_1_1' title='bbox 646 499 688 563; x_wconf 88' lang='grc'><strong>69</strong></span> 
     </span>
    </p>
   </div>
   <div class='ocr_carea' id='block_1_2' title="bbox 60 684 1284 4184">
    <p class='ocr_par' dir='ltr' id='par_1_2' title="bbox 106 684 1220 998">
     <span class='ocr_line' id='line_1_2' title="bbox 106 684 1217 772; baseline 0.001 -22"><span class='ocrx_word' id='word_1_2' title='bbox 106 687 188 750; x_wconf 92' lang='lat' dir='ltr'><strong>uidit</strong></span> <span class='ocrx_word' id='word_1_3' title='bbox 210 684 445 751; x_wconf 86' lang='lat' dir='ltr'><strong>Herwerdenus</strong></span> <span class='ocrx_word' id='word_1_4' title='bbox 466 687 572 771; x_wconf 81' lang='lat' dir='ltr'><strong>imago</strong></span> <span class='ocrx_word' id='word_1_5' title='bbox 594 686 669 751; x_wconf 92' lang='lat' dir='ltr'><strong>inde</strong></span> <span class='ocrx_word' id='word_1_6' title='bbox 691 691 759 751; x_wconf 86' lang='lat' dir='ltr'><strong>orta</strong></span> <span class='ocrx_word' id='word_1_7' title='bbox 782 690 829 752; x_wconf 88' lang='lat' dir='ltr'><strong>est</strong></span> <span class='ocrx_word' id='word_1_8' title='bbox 850 688 935 772; x_wconf 91' lang='lat' dir='ltr'><strong>quod</strong></span> <span class='ocrx_word' id='word_1_9' title='bbox 954 687 994 751; x_wconf 85' lang='lat' dir='ltr'><strong>ad</strong></span> <span class='ocrx_word' id='word_1_10' title='bbox 1012 687 1217 752; x_wconf 85' lang='lat' dir='ltr'><strong>alliciendum</strong></span> 
     </span>
     <span class='ocr_line' id='line_1_3' title="bbox 108 799 1220 885; baseline 0 -20"><span class='ocrx_word' id='word_1_11' title='bbox 108 819 201 884; x_wconf 83' lang='lat' dir='ltr'>saepe</span> <span class='ocrx_word' id='word_1_12' title='bbox 223 801 346 884; x_wconf 84' lang='lat' dir='ltr'><strong>aliquid</strong></span> <span class='ocrx_word' id='word_1_13' title='bbox 369 800 594 884; x_wconf 79' lang='lat' dir='ltr'><strong>praetenditur.</strong></span> <span class='ocrx_word' id='word_1_14' title='bbox 619 799 704 876; x_wconf 80' lang='lat' dir='ltr'><strong>Quid</strong></span> <span class='ocrx_word' id='word_1_15' title='bbox 724 801 751 865; x_wconf 91' lang='lat' dir='ltr'><strong>si</strong></span> <span class='ocrx_word' id='word_1_16' title='bbox 769 802 928 885; x_wconf 84' lang='lat' dir='ltr'><strong>legeretur</strong></span> <span class='ocrx_word' id='word_1_17' title='bbox 945 801 1118 880; x_wconf 76' lang='grc' dir='ltr'><em>προσεῑσαιί</em></span> <span class='ocrx_word' id='word_1_18' title='bbox 1137 799 1220 865; x_wconf 87' lang='lat' dir='ltr'>Mihi</span> 
     </span>
     <span class='ocr_line' id='line_1_4' title="bbox 109 915 504 998; baseline 0.005 -20"><span class='ocrx_word' id='word_1_19' title='bbox 109 915 237 998; x_wconf 90' lang='lat' dir='ltr'><strong>quidem</strong></span> <span class='ocrx_word' id='word_1_20' title='bbox 262 915 356 980; x_wconf 86' lang='lat' dir='ltr'><strong>ualde</strong></span> <span class='ocrx_word' id='word_1_21' title='bbox 380 915 504 980; x_wconf 75' lang='lat' dir='ltr'><strong>arridet.</strong></span> 
     </span>
    </p>

    <p class='ocr_par' dir='ltr' id='par_1_3' title="bbox 60 1021 1284 2711">
     <span class='ocr_line' id='line_1_5' title="bbox 151 1021 1222 1113; baseline 0 -21"><span class='ocrx_word' id='word_1_22' title='bbox 151 1027 232 1092; x_wconf 89' lang='lat' dir='ltr'><strong>Dolo</strong></span> <span class='ocrx_word' id='word_1_23' title='bbox 255 1030 354 1113; x_wconf 81' lang='lat' dir='ltr'><strong>igitur</strong></span> <span class='ocrx_word' id='word_1_24' title='bbox 377 1028 567 1112; x_wconf 84' lang='lat' dir='ltr'><strong>insidiisque</strong></span> <span class='ocrx_word' id='word_1_25' title='bbox 590 1047 671 1092; x_wconf 91' lang='lat' dir='ltr'><strong>usus</strong></span> <span class='ocrx_word' id='word_1_26' title='bbox 694 1026 776 1092; x_wconf 82' lang='lat' dir='ltr'><strong>teras</strong></span> <span class='ocrx_word' id='word_1_27' title='bbox 799 1032 933 1112; x_wconf 88' lang='lat' dir='ltr'><strong>occupat</strong></span> <span class='ocrx_word' id='word_1_28' title='bbox 951 1021 1092 1104; x_wconf 77' lang='lat' dir='ltr'><strong>uemtoi,</strong></span> <span class='ocrx_word' id='word_1_29' title='bbox 1113 1045 1222 1112; x_wconf 89' lang='lat' dir='ltr'><strong>quare,</strong></span> 
     </span>
     <span class='ocr_line' id='line_1_6' title="bbox 108 1141 1220 1228; baseline -0.002 -21"><span class='ocrx_word' id='word_1_30' title='bbox 108 1144 164 1228; x_wconf 91' lang='lat' dir='ltr'><strong>qui</strong></span> <span class='ocrx_word' id='word_1_31' title='bbox 194 1143 410 1226; x_wconf 87' lang='lat' dir='ltr'><strong>imprudentes</strong></span> <span class='ocrx_word' id='word_1_32' title='bbox 440 1146 536 1227; x_wconf 91' lang='lat' dir='ltr'><strong>atque</strong></span> <span class='ocrx_word' id='word_1_33' title='bbox 566 1142 687 1206; x_wconf 85' lang='lat' dir='ltr'><strong>incauti</strong></span> <span class='ocrx_word' id='word_1_34' title='bbox 718 1163 736 1206; x_wconf 88' lang='lat' dir='ltr'><strong>a</strong></span> <span class='ocrx_word' id='word_1_35' title='bbox 767 1143 883 1226; x_wconf 88' lang='lat' dir='ltr'><strong>quouis</strong></span> <span class='ocrx_word' id='word_1_36' title='bbox 909 1145 1112 1225; x_wconf 84' lang='lat' dir='ltr'><strong>occupantur,</strong></span> <span class='ocrx_word' id='word_1_37' title='bbox 1135 1141 1220 1205; x_wconf 88' lang='lat' dir='ltr'><strong>heud</strong></span> 
     </span>
     <span class='ocr_line' id='line_1_7' title="bbox 60 1257 1219 1342; baseline -0.003 -17"><span class='ocrx_word' id='word_1_38' title='bbox 60 1309 68 1325; x_wconf 90' lang='lat'><strong>.</strong></span> <span class='ocrx_word' id='word_1_39' title='bbox 106 1257 235 1341; x_wconf 89' lang='lat' dir='ltr'><strong>illepide</strong></span> <span class='ocrx_word' id='word_1_40' title='bbox 268 1259 433 1342; x_wconf 70' lang='lat' dir='ltr'><strong>,opprimi</strong></span> <span class='ocrx_word' id='word_1_41' title='bbox 465 1259 516 1323; x_wconf 87' lang='lat' dir='ltr'><strong>vel</strong></span> <span class='ocrx_word' id='word_1_42' title='bbox 537 1259 572 1321; x_wconf 88' lang='lat' dir='ltr'><strong>in</strong></span> <span class='ocrx_word' id='word_1_43' title='bbox 595 1257 725 1342; x_wconf 88' lang='lat' dir='ltr'><strong>laqueos</strong></span> <span class='ocrx_word' id='word_1_44' title='bbox 749 1259 899 1342; x_wconf 86' lang='lat' dir='ltr'><strong>incidere,</strong></span> <span class='ocrx_word' id='word_1_45' title='bbox 922 1259 973 1322; x_wconf 87' lang='lat' dir='ltr'><strong>vel</strong></span> <span class='ocrx_word' id='word_1_46' title='bbox 996 1258 1097 1342; x_wconf 82' lang='lat' dir='ltr'><strong>plagis</strong></span> <span class='ocrx_word' id='word_1_47' title='bbox 1120 1258 1219 1322; x_wconf 91' lang='lat' dir='ltr'><strong>teneri</strong></span> 
     </span>
     <span class='ocr_line' id='line_1_8' title="bbox 107 1370 1284 1460; baseline 0 -25"><span class='ocrx_word' id='word_1_48' title='bbox 107 1370 271 1460; x_wconf 78' lang='lat' dir='ltr'><strong>impediti&#39;</strong></span> <span class='ocrx_word' id='word_1_49' title='bbox 307 1372 465 1436; x_wconf 88' lang='lat' dir='ltr'><strong>dicuntur.</strong></span> <span class='ocrx_word' id='word_1_50' title='bbox 500 1372 550 1437; x_wconf 84' lang='lat' dir='ltr'><strong>Ita</strong></span> <span class='ocrx_word' id='word_1_51' title='bbox 582 1370 618 1437; x_wconf 85' lang='lat' dir='ltr'><strong>fit</strong></span> <span class='ocrx_word' id='word_1_52' title='bbox 652 1377 690 1436; x_wconf 91' lang='lat' dir='ltr'><strong>ut</strong></span> <span class='ocrx_word' id='word_1_53' title='bbox 723 1391 804 1456; x_wconf 86' lang='lat' dir='ltr'><strong>quae</strong></span> <span class='ocrx_word' id='word_1_54' title='bbox 839 1376 1019 1456; x_wconf 90' lang='lat' dir='ltr'><strong>sequuntur</strong></span> <span class='ocrx_word' id='word_1_55' title='bbox 1054 1376 1221 1436; x_wconf 89' lang='lat' dir='ltr'><strong>occurrant</strong></span> <span class='ocrx_word' id='word_1_56' title='bbox 1281 1412 1284 1417; x_wconf 65' lang='grc'><strong><em>«</em></strong></span> 
     </span>
     <span class='ocr_line' id='line_1_9' title="bbox 108 1483 1220 1570; baseline -0.001 -20"><span class='ocrx_word' id='word_1_57' title='bbox 108 1487 337 1550; x_wconf 75' lang='lat' dir='ltr'><strong>translationes</strong></span> <span class='ocrx_word' id='word_1_58' title='bbox 362 1487 391 1570; x_wconf 92' lang='lat'><strong>8,</strong></span> <span class='ocrx_word' id='word_1_59' title='bbox 414 1488 466 1570; x_wconf 89' lang='grc'><strong>42,</strong></span> <span class='ocrx_word' id='word_1_60' title='bbox 491 1488 518 1549; x_wconf 91' lang='grc'><strong>1.</strong></span> <span class='ocrx_word' id='word_1_61' title='bbox 542 1483 569 1549; x_wconf 86' lang='grc' dir='ltr'><em>εί</em></span> <span class='ocrx_word' id='word_1_62' title='bbox 589 1508 651 1558; x_wconf 83' lang='grc' dir='ltr'><em>ποις</em></span> <span class='ocrx_word' id='word_1_63' title='bbox 673 1483 823 1565; x_wconf 82' lang='grc' dir='ltr'><em>περιλοίβοι</em></span> <span class='ocrx_word' id='word_1_64' title='bbox 847 1484 1003 1566; x_wconf 80' lang='grc' dir='ltr'><em>μετεώρους</em></span> <span class='ocrx_word' id='word_1_65' title='bbox 1022 1483 1077 1557; x_wconf 71' lang='grc' dir='ltr'><em>τοὶς</em></span> <span class='ocrx_word' id='word_1_66' title='bbox 1097 1488 1178 1558; x_wconf 81' lang='grc' dir='ltr'><em>ναῖος,</em></span> <span class='ocrx_word' id='word_1_67' title='bbox 1192 1486 1220 1549; x_wconf 88' lang='lat' dir='ltr'><strong>si</strong></span> 
     </span>
     <span class='ocr_line' id='line_1_10' title="bbox 108 1599 1220 1684; baseline 0 -22"><span class='ocrx_word' id='word_1_68' title='bbox 108 1599 188 1663; x_wconf 87' lang='lat' dir='ltr'><strong>forte</strong></span> <span class='ocrx_word' id='word_1_69' title='bbox 222 1618 323 1664; x_wconf 86' lang='lat' dir='ltr'><strong>naues</strong></span> <span class='ocrx_word' id='word_1_70' title='bbox 357 1601 391 1663; x_wconf 93' lang='lat' dir='ltr'><strong>in</strong></span> <span class='ocrx_word' id='word_1_71' title='bbox 425 1600 487 1665; x_wconf 86' lang='lat' dir='ltr'><strong>alto</strong></span> <span class='ocrx_word' id='word_1_72' title='bbox 518 1618 673 1684; x_wconf 86' lang='lat' dir='ltr'><strong>occupare</strong></span> <span class='ocrx_word' id='word_1_73' title='bbox 702 1604 816 1684; x_wconf 88' lang='lat' dir='ltr'><strong>posset.</strong></span> <span class='ocrx_word' id='word_1_74' title='bbox 840 1599 910 1663; x_wconf 89' lang='lat' dir='ltr'><strong>Hoc</strong></span> <span class='ocrx_word' id='word_1_75' title='bbox 933 1604 1038 1663; x_wconf 87' lang='lat' dir='ltr'><strong>tamen</strong></span> <span class='ocrx_word' id='word_1_76' title='bbox 1062 1617 1127 1662; x_wconf 93' lang='lat' dir='ltr'><strong>uno</strong></span> <span class='ocrx_word' id='word_1_77' title='bbox 1151 1599 1220 1662; x_wconf 91' lang='lat' dir='ltr'><strong>loco</strong></span> 
     </span>
     <span class='ocr_line' id='line_1_11' title="bbox 107 1711 1220 1793; baseline -0.001 -17"><span class='ocrx_word' id='word_1_78' title='bbox 107 1712 307 1793; x_wconf 83' lang='lat' dir='ltr'><strong>Thucydides</strong></span> <span class='ocrx_word' id='word_1_79' title='bbox 329 1713 412 1776; x_wconf 87' lang='lat' dir='ltr'><strong>hanc</strong></span> <span class='ocrx_word' id='word_1_80' title='bbox 435 1713 502 1776; x_wconf 91' lang='lat' dir='ltr'><strong>uim</strong></span> <span class='ocrx_word' id='word_1_81' title='bbox 525 1712 623 1778; x_wconf 89' lang='lat' dir='ltr'><strong>uerbo</strong></span> <span class='ocrx_word' id='word_1_82' title='bbox 647 1712 788 1776; x_wconf 89' lang='lat' dir='ltr'><strong>subiecit.</strong></span> <span class='ocrx_word' id='word_1_83' title='bbox 812 1711 928 1777; x_wconf 91' lang='lat' dir='ltr'><strong>Herod.</strong></span> <span class='ocrx_word' id='word_1_84' title='bbox 949 1715 978 1789; x_wconf 82' lang='grc'><strong>8,</strong></span> <span class='ocrx_word' id='word_1_85' title='bbox 999 1712 1060 1775; x_wconf 86' lang='grc'><strong>106</strong></span> <span class='ocrx_word' id='word_1_86' title='bbox 1082 1711 1220 1776; x_wconf 91' lang='lat' dir='ltr'><strong>eundem</strong></span> 
     </span>
     <span class='ocr_line' id='line_1_12' title="bbox 108 1824 1220 1908; baseline -0.001 -18"><span class='ocrx_word' id='word_1_87' title='bbox 108 1824 202 1891; x_wconf 87' lang='lat' dir='ltr'><strong>uerbi</strong></span> <span class='ocrx_word' id='word_1_88' title='bbox 231 1846 327 1890; x_wconf 90' lang='lat' dir='ltr'><strong>usum</strong></span> <span class='ocrx_word' id='word_1_89' title='bbox 356 1825 437 1891; x_wconf 91' lang='lat' dir='ltr'><strong>fecit</strong></span> <span class='ocrx_word' id='word_1_90' title='bbox 461 1826 583 1891; x_wconf 83' lang='lat' dir='ltr'><strong>Eodem</strong></span> <span class='ocrx_word' id='word_1_91' title='bbox 607 1827 700 1891; x_wconf 89' lang='lat' dir='ltr'><strong>modo</strong></span> <span class='ocrx_word' id='word_1_92' title='bbox 725 1846 805 1891; x_wconf 89' lang='lat' dir='ltr'><strong>usus</strong></span> <span class='ocrx_word' id='word_1_93' title='bbox 829 1831 877 1891; x_wconf 89' lang='lat' dir='ltr'><strong>cst</strong></span> <span class='ocrx_word' id='word_1_94' title='bbox 897 1826 1097 1908; x_wconf 75' lang='lat' dir='ltr'><strong>Thucydides</strong></span> <span class='ocrx_word' id='word_1_95' title='bbox 1121 1824 1220 1890; x_wconf 88' lang='lat' dir='ltr'><strong>uerbo</strong></span> 
     </span>
     <span class='ocr_line' id='line_1_13' title="bbox 108 1936 1222 2027; baseline 0.003 -24"><span class='ocrx_word' id='word_1_96' title='bbox 108 1936 357 2018; x_wconf 65' lang='grc' dir='ltr'><em>καταλαμβάνειν</em></span> <span class='ocrx_word' id='word_1_97' title='bbox 394 1941 423 2026; x_wconf 96' lang='grc'><strong>1,</strong></span> <span class='ocrx_word' id='word_1_98' title='bbox 456 1943 485 2026; x_wconf 85' lang='grc'><strong>9,</strong></span> <span class='ocrx_word' id='word_1_99' title='bbox 517 1941 545 2025; x_wconf 92' lang='grc'><strong>1,</strong></span> <span class='ocrx_word' id='word_1_100' title='bbox 581 1943 637 2027; x_wconf 92' lang='lat' dir='ltr'><strong>qui</strong></span> <span class='ocrx_word' id='word_1_101' title='bbox 667 1943 738 2007; x_wconf 89' lang='lat' dir='ltr'><strong>iure</strong></span> <span class='ocrx_word' id='word_1_102' title='bbox 767 1942 902 2006; x_wconf 84' lang='lat' dir='ltr'><strong>iurando</strong></span> <span class='ocrx_word' id='word_1_103' title='bbox 934 1942 1026 2025; x_wconf 85' lang='lat' dir='ltr'><strong>quasi</strong></span> <span class='ocrx_word' id='word_1_104' title='bbox 1056 1942 1116 2006; x_wconf 84' lang='lat' dir='ltr'><strong>reti</strong></span> <span class='ocrx_word' id='word_1_105' title='bbox 1138 1943 1222 2025; x_wconf 89' lang='lat' dir='ltr'><strong>capti</strong></span> 
     </span>
     <span class='ocr_line' id='line_1_14' title="bbox 109 2051 1263 2140; baseline 0 -20"><span class='ocrx_word' id='word_1_106' title='bbox 109 2060 199 2121; x_wconf 86' lang='lat' dir='ltr'><strong>erant</strong></span> <span class='ocrx_word' id='word_1_107' title='bbox 232 2055 329 2139; x_wconf 90' lang='lat' dir='ltr'><strong>proci.</strong></span> <span class='ocrx_word' id='word_1_108' title='bbox 365 2055 425 2118; x_wconf 83' lang='lat' dir='ltr'><strong>Ofr.</strong></span> <span class='ocrx_word' id='word_1_109' title='bbox 459 2057 490 2138; x_wconf 94' lang='lat'><strong>4,</strong></span> <span class='ocrx_word' id='word_1_110' title='bbox 520 2056 574 2140; x_wconf 89' lang='grc'><strong>86,</strong></span> <span class='ocrx_word' id='word_1_111' title='bbox 604 2056 639 2137; x_wconf 78' lang='lat'><strong>13</strong></span> <span class='ocrx_word' id='word_1_112' title='bbox 673 2057 702 2139; x_wconf 89' lang='lat'><strong>5,</strong></span> <span class='ocrx_word' id='word_1_113' title='bbox 733 2056 784 2139; x_wconf 85' lang='lat'><strong>21,</strong></span> <span class='ocrx_word' id='word_1_114' title='bbox 818 2058 846 2119; x_wconf 88' lang='lat'><strong>3.</strong></span> <span class='ocrx_word' id='word_1_115' title='bbox 870 2051 1101 2134; x_wconf 76' lang='grc' dir='ltr'><em>Ἐρκατοίλκψις</em></span> <span class='ocrx_word' id='word_1_116' title='bbox 1123 2056 1221 2120; x_wconf 89' lang='lat' dir='ltr'><strong>semel</strong></span> <span class='ocrx_word' id='word_1_117' title='bbox 1260 2124 1263 2129; x_wconf 71' lang='grc'>,</span> 
     </span>
     <span class='ocr_line' id='line_1_15' title="bbox 109 2167 1222 2252; baseline 0.001 -20"><span class='ocrx_word' id='word_1_118' title='bbox 109 2173 235 2233; x_wconf 83' lang='lat' dir='ltr'><strong>tantum</strong></span> <span class='ocrx_word' id='word_1_119' title='bbox 270 2169 407 2233; x_wconf 91' lang='lat' dir='ltr'><strong>occurrit</strong></span> <span class='ocrx_word' id='word_1_120' title='bbox 438 2169 479 2252; x_wconf 86' lang='lat'><strong>(5,</strong></span> <span class='ocrx_word' id='word_1_121' title='bbox 512 2169 561 2252; x_wconf 84' lang='lat'><strong>72,</strong></span> <span class='ocrx_word' id='word_1_122' title='bbox 590 2171 622 2251; x_wconf 86' lang='lat'><strong>4)</strong></span> <span class='ocrx_word' id='word_1_123' title='bbox 655 2206 695 2216; x_wconf 96' lang='lat'><em>-</em></span> <span class='ocrx_word' id='word_1_124' title='bbox 729 2167 790 2233; x_wconf 75' lang='lat' dir='ltr'><strong>(ifr.</strong></span> <span class='ocrx_word' id='word_1_125' title='bbox 820 2168 895 2232; x_wconf 89' lang='lat' dir='ltr'><strong>Luc.</strong></span> <span class='ocrx_word' id='word_1_126' title='bbox 918 2169 988 2233; x_wconf 84' lang='lat' dir='ltr'><strong>Par.</strong></span> <span class='ocrx_word' id='word_1_127' title='bbox 1012 2170 1033 2230; x_wconf 91' lang='grc'>4</span> <span class='ocrx_word' id='word_1_128' title='bbox 1057 2205 1098 2215; x_wconf 90' lang='lat'>-</span> <span class='ocrx_word' id='word_1_129' title='bbox 1123 2170 1222 2233; x_wconf 90' lang='lat' dir='ltr'><strong>octies</strong></span> 
     </span>
     <span class='ocr_line' id='line_1_16' title="bbox 108 2280 1222 2369; baseline -0.003 -20"><span class='ocrx_word' id='word_1_130' title='bbox 108 2288 216 2349; x_wconf 88' lang='lat' dir='ltr'><strong>tamen</strong></span> <span class='ocrx_word' id='word_1_131' title='bbox 237 2281 531 2368; x_wconf 76' lang='grc' dir='ltr'><em>ἕρκαταλαμβοίνειν,</em></span> <span class='ocrx_word' id='word_1_132' title='bbox 553 2284 643 2348; x_wconf 87' lang='lat' dir='ltr'><strong>uelut</strong></span> <span class='ocrx_word' id='word_1_133' title='bbox 665 2286 696 2369; x_wconf 88' lang='grc'><strong>4,</strong></span> <span class='ocrx_word' id='word_1_134' title='bbox 721 2286 750 2368; x_wconf 88' lang='grc'><strong>8,</strong></span> <span class='ocrx_word' id='word_1_135' title='bbox 778 2285 805 2348; x_wconf 90' lang='grc'><strong>9.</strong></span> <span class='ocrx_word' id='word_1_136' title='bbox 825 2283 956 2369; x_wconf 83' lang='lat' dir='ltr'><strong>Legitur</strong></span> <span class='ocrx_word' id='word_1_137' title='bbox 978 2284 1102 2369; x_wconf 86' lang='lat'>6,77,2</span> <span class='ocrx_word' id='word_1_138' title='bbox 1122 2280 1222 2355; x_wconf 73' lang='grc' dir='ltr'><em>ἕοςοίν</em></span> 
     </span>
     <span class='ocr_line' id='line_1_17' title="bbox 109 2394 1220 2482; baseline -0.001 -21"><span class='ocrx_word' id='word_1_139' title='bbox 109 2394 227 2461; x_wconf 74' lang='grc' dir='ltr'><em>ἕκαστοι</em></span> <span class='ocrx_word' id='word_1_140' title='bbox 258 2395 338 2461; x_wconf 79' lang='grc' dir='ltr'><em>κατα</em></span> <span class='ocrx_word' id='word_1_141' title='bbox 367 2395 464 2469; x_wconf 76' lang='grc' dir='ltr'><em>πόλεις</em></span> <span class='ocrx_word' id='word_1_142' title='bbox 494 2398 669 2479; x_wconf 71' lang='grc' dir='ltr'><em>ληφθῶμεν,</em></span> <span class='ocrx_word' id='word_1_143' title='bbox 703 2398 820 2482; x_wconf 91' lang='lat' dir='ltr'><strong>quibus</strong></span> <span class='ocrx_word' id='word_1_144' title='bbox 843 2397 950 2463; x_wconf 91' lang='lat' dir='ltr'><strong>uerbis</strong></span> <span class='ocrx_word' id='word_1_145' title='bbox 973 2397 1220 2482; x_wconf 86' lang='lat' dir='ltr'><strong>comparandum</strong></span> 
     </span>
     <span class='ocr_line' id='line_1_18' title="bbox 110 2509 1221 2597; baseline -0.002 -21"><span class='ocrx_word' id='word_1_146' title='bbox 110 2511 197 2596; x_wconf 90' lang='lat' dir='ltr'><strong>quod</strong></span> <span class='ocrx_word' id='word_1_147' title='bbox 225 2512 371 2595; x_wconf 87' lang='lat' dir='ltr'><strong>sequitur</strong></span> <span class='ocrx_word' id='word_1_148' title='bbox 400 2509 513 2575; x_wconf 81' lang='grc' dir='ltr'><em>οὶλοιτοί.</em></span> <span class='ocrx_word' id='word_1_149' title='bbox 545 2511 605 2575; x_wconf 84' lang='lat' dir='ltr'><strong>Oir.</strong></span> <span class='ocrx_word' id='word_1_150' title='bbox 629 2512 789 2597; x_wconf 85' lang='lat' dir='ltr'><strong>Aristoph.</strong></span> <span class='ocrx_word' id='word_1_151' title='bbox 812 2511 919 2597; x_wconf 83' lang='lat' dir='ltr'><strong>Equit.</strong></span> <span class='ocrx_word' id='word_1_152' title='bbox 943 2511 1019 2595; x_wconf 87' lang='lat'>864,</span> <span class='ocrx_word' id='word_1_153' title='bbox 1043 2512 1100 2596; x_wconf 90' lang='lat' dir='ltr'><strong>qui</strong></span> <span class='ocrx_word' id='word_1_154' title='bbox 1122 2509 1221 2576; x_wconf 91' lang='lat' dir='ltr'><strong>uerbo</strong></span> 
     </span>
     <span class='ocr_line' id='line_1_19' title="bbox 109 2620 859 2711; baseline 0.004 -24"><span class='ocrx_word' id='word_1_155' title='bbox 109 2620 279 2703; x_wconf 70' lang='grc' dir='ltr'><em>λαμβάνειν</em></span> <span class='ocrx_word' id='word_1_156' title='bbox 301 2626 405 2689; x_wconf 88' lang='lat' dir='ltr'><strong>utitur</strong></span> <span class='ocrx_word' id='word_1_157' title='bbox 428 2626 466 2691; x_wconf 86' lang='lat' dir='ltr'><strong>de</strong></span> <span class='ocrx_word' id='word_1_158' title='bbox 488 2627 651 2710; x_wconf 82' lang='lat' dir='ltr'><strong>captandis</strong></span> <span class='ocrx_word' id='word_1_159' title='bbox 674 2626 859 2711; x_wconf 80' lang='lat' dir='ltr'><strong>piscibus1).</strong></span> 
     </span>
    </p>

    <p class='ocr_par' dir='ltr' id='par_1_4' title="bbox 110 2734 1225 3620">
     <span class='ocr_line' id='line_1_20' title="bbox 154 2734 1222 2824; baseline -0.002 -22"><span class='ocrx_word' id='word_1_160' title='bbox 154 2737 273 2803; x_wconf 86' lang='lat' dir='ltr'><strong>Mirum</strong></span> <span class='ocrx_word' id='word_1_161' title='bbox 306 2740 452 2823; x_wconf 90' lang='lat' dir='ltr'><strong>quotiens</strong></span> <span class='ocrx_word' id='word_1_162' title='bbox 482 2740 606 2824; x_wconf 86' lang='lat' dir='ltr'><strong>legatur</strong></span> <span class='ocrx_word' id='word_1_163' title='bbox 628 2740 761 2805; x_wconf 88' lang='lat' dir='ltr'><strong>uerbum</strong></span> <span class='ocrx_word' id='word_1_164' title='bbox 786 2737 974 2822; x_wconf 90' lang='grc' dir='ltr'><em>περιπίπτειν,</em></span> <span class='ocrx_word' id='word_1_165' title='bbox 998 2743 1092 2822; x_wconf 73' lang='grc' dir='ltr'><em>πίεραι)</em></span> <span class='ocrx_word' id='word_1_166' title='bbox 1114 2734 1222 2800; x_wconf 82' lang='grc' dir='ltr'><em>ἐσπίπ-</em></span> 
     </span>
     <span class='ocr_line' id='line_1_21' title="bbox 110 2850 1222 2936; baseline 0 -20"><span class='ocrx_word' id='word_1_167' title='bbox 110 2875 176 2917; x_wconf 88' lang='grc' dir='ltr'><em>τειν.</em></span> <span class='ocrx_word' id='word_1_168' title='bbox 203 2854 232 2936; x_wconf 88' lang='grc'><strong>3,</strong></span> <span class='ocrx_word' id='word_1_169' title='bbox 255 2854 306 2935; x_wconf 90' lang='grc'><strong>82,</strong></span> <span class='ocrx_word' id='word_1_170' title='bbox 331 2854 350 2915; x_wconf 88' lang='grc'>2</span> <span class='ocrx_word' id='word_1_171' title='bbox 375 2851 424 2917; x_wconf 72' lang='grc' dir='ltr'><strong>διὰ</strong></span> <span class='ocrx_word' id='word_1_172' title='bbox 445 2852 478 2917; x_wconf 84' lang='grc' dir='ltr'><strong>τὸ</strong></span> <span class='ocrx_word' id='word_1_173' title='bbox 500 2851 543 2931; x_wconf 71' lang='grc' dir='ltr'><em>μὴ</em></span> <span class='ocrx_word' id='word_1_174' title='bbox 567 2853 596 2925; x_wconf 81' lang='grc' dir='ltr'><strong>ἐς</strong></span> <span class='ocrx_word' id='word_1_175' title='bbox 619 2851 768 2925; x_wconf 76' lang='grc' dir='ltr'><strong><em>ἀκουσίους</em></strong></span> <span class='ocrx_word' id='word_1_176' title='bbox 790 2853 926 2931; x_wconf 76' lang='grc' dir='ltr'><em>οίνοίῳκας</em></span> <span class='ocrx_word' id='word_1_177' title='bbox 945 2850 1105 2916; x_wconf 90' lang='grc' dir='ltr'><em>ε’σπίπτειν.</em></span> <span class='ocrx_word' id='word_1_178' title='bbox 1123 2850 1222 2916; x_wconf 86' lang='lat' dir='ltr'><strong>Recte</strong></span> 
     </span>
     <span class='ocr_line' id='line_1_22' title="bbox 110 2966 1222 3052; baseline -0.001 -21"><span class='ocrx_word' id='word_1_179' title='bbox 110 2966 348 3031; x_wconf 87' lang='lat' dir='ltr'><strong>Herwerdenus</strong></span> <span class='ocrx_word' id='word_1_180' title='bbox 371 2969 636 3051; x_wconf 86' lang='lat' dir='ltr'><strong>praepositionem</strong></span> <span class='ocrx_word' id='word_1_181' title='bbox 659 2968 795 3032; x_wconf 84' lang='lat' dir='ltr'><strong>addidit:</strong></span> <span class='ocrx_word' id='word_1_182' title='bbox 818 2968 902 3052; x_wconf 90' lang='lat' dir='ltr'><strong>quod</strong></span> <span class='ocrx_word' id='word_1_183' title='bbox 922 2969 955 3030; x_wconf 91' lang='lat' dir='ltr'><strong>in</strong></span> <span class='ocrx_word' id='word_1_184' title='bbox 977 2967 1101 3031; x_wconf 90' lang='lat' dir='ltr'><strong>odiosas</strong></span> <span class='ocrx_word' id='word_1_185' title='bbox 1114 2985 1222 3031; x_wconf 90' lang='lat' dir='ltr'><strong>neces-</strong></span> 
     </span>
     <span class='ocr_line' id='line_1_23' title="bbox 111 3077 1225 3165; baseline -0.003 -19"><span class='ocrx_word' id='word_1_186' title='bbox 111 3082 220 3146; x_wconf 86' lang='lat' dir='ltr'><strong>sitates</strong></span> <span class='ocrx_word' id='word_1_187' title='bbox 243 3100 308 3144; x_wconf 90' lang='lat' dir='ltr'><strong>non</strong></span> <span class='ocrx_word' id='word_1_188' title='bbox 330 3081 480 3145; x_wconf 89' lang='lat' dir='ltr'><strong>incidant.</strong></span> <span class='ocrx_word' id='word_1_189' title='bbox 507 3082 534 3164; x_wconf 88' lang='lat'><strong>1,</strong></span> <span class='ocrx_word' id='word_1_190' title='bbox 558 3081 630 3165; x_wconf 89' lang='grc'>131,</span> <span class='ocrx_word' id='word_1_191' title='bbox 654 3083 673 3144; x_wconf 87' lang='grc'><strong><em>2</em></strong></span> <span class='ocrx_word' id='word_1_192' title='bbox 697 3079 746 3145; x_wconf 78' lang='grc' dir='ltr'><strong>καὶ</strong></span> <span class='ocrx_word' id='word_1_193' title='bbox 767 3081 796 3153; x_wconf 82' lang='grc' dir='ltr'><strong>ἐς</strong></span> <span class='ocrx_word' id='word_1_194' title='bbox 816 3078 871 3159; x_wconf 82' lang='grc' dir='ltr'><em>μὲν</em></span> <span class='ocrx_word' id='word_1_195' title='bbox 891 3079 943 3153; x_wconf 72' lang='grc' dir='ltr'><strong>τὴν</strong></span> <span class='ocrx_word' id='word_1_196' title='bbox 962 3077 1071 3161; x_wconf 71' lang='grc' dir='ltr'><em>είρκτίρν</em></span> <span class='ocrx_word' id='word_1_197' title='bbox 1092 3077 1225 3144; x_wconf 75' lang='grc' dir='ltr'><em>ἐσπίπτει</em></span> 
     </span>
     <span class='ocr_line' id='line_1_24' title="bbox 111 3190 1223 3278; baseline -0.002 -20"><span class='ocrx_word' id='word_1_198' title='bbox 111 3191 292 3264; x_wconf 84' lang='grc' dir='ltr'><em>Παυσανίας.</em></span> <span class='ocrx_word' id='word_1_199' title='bbox 325 3193 385 3258; x_wconf 80' lang='lat' dir='ltr'><strong>Otr.</strong></span> <span class='ocrx_word' id='word_1_200' title='bbox 411 3195 439 3278; x_wconf 86' lang='lat'><strong>7,</strong></span> <span class='ocrx_word' id='word_1_201' title='bbox 463 3196 514 3278; x_wconf 85' lang='lat'><strong>87,</strong></span> <span class='ocrx_word' id='word_1_202' title='bbox 538 3196 558 3257; x_wconf 88' lang='grc'>2</span> <span class='ocrx_word' id='word_1_203' title='bbox 582 3191 806 3273; x_wconf 70' lang='grc' dir='ltr'><em>ἐμπεπωκότες</em></span> <span class='ocrx_word' id='word_1_204' title='bbox 829 3193 858 3256; x_wconf 82' lang='grc' dir='ltr'><strong>ἕν</strong></span> <span class='ocrx_word' id='word_1_205' title='bbox 880 3190 994 3274; x_wconf 78' lang='grc' dir='ltr'><em>τοιούτῳ</em></span> <span class='ocrx_word' id='word_1_206' title='bbox 1017 3191 1119 3273; x_wconf 77' lang='grc' dir='ltr'><em>χωρίῳ,</em></span> <span class='ocrx_word' id='word_1_207' title='bbox 1145 3212 1223 3276; x_wconf 88' lang='lat' dir='ltr'><strong>quo·</strong></span> 
     </span>
     <span class='ocr_line' id='line_1_25' title="bbox 112 3305 1224 3393; baseline -0.004 -20"><span class='ocrx_word' id='word_1_208' title='bbox 112 3328 187 3373; x_wconf 89' lang='lat' dir='ltr'><strong>cum</strong></span> <span class='ocrx_word' id='word_1_209' title='bbox 211 3308 436 3373; x_wconf 87' lang='lat' dir='ltr'><strong>conferendum</strong></span> <span class='ocrx_word' id='word_1_210' title='bbox 460 3311 508 3373; x_wconf 86' lang='lat' dir='ltr'><strong>est</strong></span> <span class='ocrx_word' id='word_1_211' title='bbox 531 3309 617 3392; x_wconf 90' lang='lat' dir='ltr'><strong>quod</strong></span> <span class='ocrx_word' id='word_1_212' title='bbox 640 3311 786 3393; x_wconf 88' lang='lat' dir='ltr'><strong>sequitur</strong></span> <span class='ocrx_word' id='word_1_213' title='bbox 811 3309 839 3391; x_wconf 94' lang='lat'><strong>7,</strong></span> <span class='ocrx_word' id='word_1_214' title='bbox 858 3309 910 3392; x_wconf 92' lang='lat'><strong>87,</strong></span> <span class='ocrx_word' id='word_1_215' title='bbox 928 3309 957 3372; x_wconf 85' lang='lat'><strong>4.</strong></span> <span class='ocrx_word' id='word_1_216' title='bbox 981 3305 1152 3388; x_wconf 75' lang='grc' dir='ltr'><em>ἐλήφθησαν</em></span> <span class='ocrx_word' id='word_1_217' title='bbox 1172 3305 1224 3371; x_wconf 78' lang='grc' dir='ltr'><strong>δὀἱ</strong></span> 
     </span>
     <span class='ocr_line' id='line_1_26' title="bbox 111 3419 1221 3506; baseline -0.004 -20"><span class='ocrx_word' id='word_1_218' title='bbox 111 3419 293 3500; x_wconf 77' lang='grc' dir='ltr'><em>ξύμπαντες.</em></span> <span class='ocrx_word' id='word_1_219' title='bbox 320 3421 380 3486; x_wconf 78' lang='lat' dir='ltr'><strong>etr.</strong></span> <span class='ocrx_word' id='word_1_220' title='bbox 404 3421 482 3486; x_wconf 90' lang='lat' dir='ltr'><strong>Plat.</strong></span> <span class='ocrx_word' id='word_1_221' title='bbox 501 3422 640 3504; x_wconf 84' lang='lat' dir='ltr'><strong>Euthyd.</strong></span> <span class='ocrx_word' id='word_1_222' title='bbox 666 3423 729 3486; x_wconf 89' lang='grc'><strong>292</strong></span> <span class='ocrx_word' id='word_1_223' title='bbox 753 3422 788 3485; x_wconf 83' lang='grc' dir='ltr'><strong>Ε.</strong></span> <span class='ocrx_word' id='word_1_224' title='bbox 812 3421 959 3506; x_wconf 92' lang='lat' dir='ltr'><strong>Xenoph.</strong></span> <span class='ocrx_word' id='word_1_225' title='bbox 983 3420 1066 3486; x_wconf 92' lang='lat' dir='ltr'><strong>Hell.</strong></span> <span class='ocrx_word' id='word_1_226' title='bbox 1091 3422 1119 3499; x_wconf 90' lang='lat'><strong>4,</strong></span> <span class='ocrx_word' id='word_1_227' title='bbox 1144 3422 1173 3504; x_wconf 89' lang='lat'><strong>5,</strong></span> <span class='ocrx_word' id='word_1_228' title='bbox 1194 3421 1221 3482; x_wconf 83' lang='lat'><strong>5.</strong></span> 
     </span>
     <span class='ocr_line' id='line_1_27' title="bbox 112 3534 542 3620; baseline -0.005 -19"><span class='ocrx_word' id='word_1_229' title='bbox 112 3537 205 3601; x_wconf 89' lang='lat' dir='ltr'><strong>Plato</strong></span> <span class='ocrx_word' id='word_1_230' title='bbox 227 3535 301 3620; x_wconf 90' lang='lat' dir='ltr'><strong>Hip.</strong></span> <span class='ocrx_word' id='word_1_231' title='bbox 325 3535 397 3599; x_wconf 87' lang='lat' dir='ltr'><strong>Mai.</strong></span> <span class='ocrx_word' id='word_1_232' title='bbox 423 3537 486 3599; x_wconf 84' lang='lat'><strong>298</strong></span> <span class='ocrx_word' id='word_1_233' title='bbox 511 3534 542 3599; x_wconf 81' lang='lat' dir='ltr'><strong>C.</strong></span> 
     </span>
    </p>

    <p class='ocr_par' dir='ltr' id='par_1_5' title="bbox 88 3648 1269 4184">
     <span class='ocr_line' id='line_1_28' title="bbox 88 3648 1222 3734; baseline -0.001 -21"><span class='ocrx_word' id='word_1_234' title='bbox 88 3697 90 3703; x_wconf 47' lang='grc'>,</span> <span class='ocrx_word' id='word_1_235' title='bbox 159 3648 261 3714; x_wconf 93' lang='lat' dir='ltr'><strong>Omne</strong></span> <span class='ocrx_word' id='word_1_236' title='bbox 292 3649 436 3734; x_wconf 91' lang='lat' dir='ltr'><strong>dubium,</strong></span> <span class='ocrx_word' id='word_1_237' title='bbox 460 3651 488 3714; x_wconf 94' lang='lat' dir='ltr'><strong>si</strong></span> <span class='ocrx_word' id='word_1_238' title='bbox 511 3650 597 3734; x_wconf 93' lang='lat' dir='ltr'><strong>quod</strong></span> <span class='ocrx_word' id='word_1_239' title='bbox 620 3653 676 3733; x_wconf 88' lang='lat' dir='ltr'><strong>ost,</strong></span> <span class='ocrx_word' id='word_1_240' title='bbox 699 3649 739 3712; x_wconf 85' lang='lat' dir='ltr'><strong>ad</strong></span> <span class='ocrx_word' id='word_1_241' title='bbox 762 3649 937 3713; x_wconf 85' lang='lat' dir='ltr'><strong>tollendum</strong></span> <span class='ocrx_word' id='word_1_242' title='bbox 961 3652 1070 3732; x_wconf 86' lang='lat' dir='ltr'><strong>aptum</strong></span> <span class='ocrx_word' id='word_1_243' title='bbox 1094 3648 1222 3713; x_wconf 90' lang='lat' dir='ltr'><strong>uidetur</strong></span> 
     </span>
     <span class='ocr_line' id='line_1_29' title="bbox 113 3755 1269 3852; baseline -0.004 -25"><span class='ocrx_word' id='word_1_244' title='bbox 113 3763 201 3849; x_wconf 90' lang='lat' dir='ltr'><strong>quod</strong></span> <span class='ocrx_word' id='word_1_245' title='bbox 233 3763 351 3847; x_wconf 82' lang='lat' dir='ltr'><strong>legitur</strong></span> <span class='ocrx_word' id='word_1_246' title='bbox 386 3763 414 3845; x_wconf 88' lang='lat'><strong>1,</strong></span> <span class='ocrx_word' id='word_1_247' title='bbox 450 3762 523 3826; x_wconf 89' lang='grc'>106.</span> <span class='ocrx_word' id='word_1_248' title='bbox 555 3760 607 3826; x_wconf 91' lang='grc' dir='ltr'><strong>καί</strong></span> <span class='ocrx_word' id='word_1_249' title='bbox 638 3785 666 3825; x_wconf 91' lang='grc' dir='ltr'><strong>τι</strong></span> <span class='ocrx_word' id='word_1_250' title='bbox 701 3755 805 3826; x_wconf 79' lang='grc' dir='ltr'><em>αὐτῶν</em></span> <span class='ocrx_word' id='word_1_251' title='bbox 832 3759 916 3842; x_wconf 84' lang='grc' dir='ltr'><em>με’ρος</em></span> <span class='ocrx_word' id='word_1_252' title='bbox 949 3761 1000 3825; x_wconf 83' lang='grc' dir='ltr'><strong>οὐκ</strong></span> <span class='ocrx_word' id='word_1_253' title='bbox 1033 3759 1128 3838; x_wconf 73' lang='grc' dir='ltr'><em>ὀλίγον</em></span> <span class='ocrx_word' id='word_1_254' title='bbox 1147 3807 1154 3823; x_wconf 93' lang='grc'><strong>.</strong></span> <span class='ocrx_word' id='word_1_255' title='bbox 1265 3842 1269 3852; x_wconf 28' lang='lat'>⁸</span> 
     </span>
     <span class='ocr_line' id='line_1_30' title="bbox 114 3867 1222 3955; baseline -0.005 -14"><span class='ocrx_word' id='word_1_256' title='bbox 114 3873 248 3942; x_wconf 79' lang='grc' dir='ltr'><em>ἐσέπεσεν</em></span> <span class='ocrx_word' id='word_1_257' title='bbox 273 3873 302 3948; x_wconf 77' lang='grc' dir='ltr'><strong>ἔς</strong></span> <span class='ocrx_word' id='word_1_258' title='bbox 325 3898 376 3939; x_wconf 90' lang='grc' dir='ltr'><strong>τον</strong></span> <span class='ocrx_word' id='word_1_259' title='bbox 398 3873 499 3955; x_wconf 78' lang='grc' dir='ltr'><em>χωρίον</em></span> <span class='ocrx_word' id='word_1_260' title='bbox 523 3873 640 3947; x_wconf 75' lang='grc' dir='ltr'><strong>ἰδιώτου,</strong></span> <span class='ocrx_word' id='word_1_261' title='bbox 664 3867 684 3955; x_wconf 77' lang='grc' dir='ltr'><em>ᾧ</em></span> <span class='ocrx_word' id='word_1_262' title='bbox 708 3872 814 3953; x_wconf 78' lang='grc' dir='ltr'><em>ἔτυχεν</em></span> <span class='ocrx_word' id='word_1_263' title='bbox 833 3872 949 3954; x_wconf 76' lang='grc' dir='ltr'><em>ίρνῳμα</em></span> <span class='ocrx_word' id='word_1_264' title='bbox 968 3872 1050 3952; x_wconf 75' lang='grc' dir='ltr'><em>μέγα</em></span> <span class='ocrx_word' id='word_1_265' title='bbox 1069 3879 1222 3954; x_wconf 76' lang='grc' dir='ltr'><em>περιεῖρῳον</em></span> 
     </span>
     <span class='ocr_line' id='line_1_31' title="bbox 113 3982 1224 4067; baseline -0.005 -12"><span class='ocrx_word' id='word_1_266' title='bbox 113 3987 165 4055; x_wconf 80' lang='grc' dir='ltr'><strong>καί</strong></span> <span class='ocrx_word' id='word_1_267' title='bbox 195 3990 247 4054; x_wconf 85' lang='grc' dir='ltr'><strong>οὐκ</strong></span> <span class='ocrx_word' id='word_1_268' title='bbox 277 3982 310 4063; x_wconf 82' lang='grc' dir='ltr'><strong>ἦν</strong></span> <span class='ocrx_word' id='word_1_269' title='bbox 340 3984 442 4063; x_wconf 74' lang='grc' dir='ltr'><em>ἔξοδος.</em></span> <span class='ocrx_word' id='word_1_270' title='bbox 477 3986 516 4052; x_wconf 83' lang='grc' dir='ltr'><strong>Οἱ</strong></span> <span class='ocrx_word' id='word_1_271' title='bbox 545 3986 572 4052; x_wconf 77' lang='grc' dir='ltr'><strong>δ’</strong></span> <span class='ocrx_word' id='word_1_272' title='bbox 603 3988 751 4062; x_wconf 73' lang='grc' dir='ltr'><em>Ἀθηναῖοι</em></span> <span class='ocrx_word' id='word_1_273' title='bbox 781 3989 903 4066; x_wconf 74' lang='grc' dir='ltr'><em>γνόντες,</em></span> <span class='ocrx_word' id='word_1_274' title='bbox 920 3985 1000 4051; x_wconf 79' lang='grc' dir='ltr'><em>κατίο</em></span> <span class='ocrx_word' id='word_1_275' title='bbox 1020 3983 1169 4067; x_wconf 83' lang='grc' dir='ltr'><em>πρίσοπίν</em></span> <span class='ocrx_word' id='word_1_276' title='bbox 1191 4009 1224 4049; x_wconf 94' lang='grc' dir='ltr'><em>τε</em></span> 
     </span>
     <span class='ocr_line' id='line_1_32' title="bbox 114 4096 1224 4184; baseline -0.005 -17"><span class='ocrx_word' id='word_1_277' title='bbox 114 4096 204 4184; x_wconf 74' lang='grc' dir='ltr'><em>εἶργον</em></span> <span class='ocrx_word' id='word_1_278' title='bbox 234 4108 296 4175; x_wconf 83' lang='grc' dir='ltr'><em>τοῖς</em></span> <span class='ocrx_word' id='word_1_279' title='bbox 325 4098 458 4174; x_wconf 81' lang='grc' dir='ltr'><em>ὁπλίταις</em></span> <span class='ocrx_word' id='word_1_280' title='bbox 484 4098 535 4165; x_wconf 77' lang='grc' dir='ltr'><strong>καί</strong></span> <span class='ocrx_word' id='word_1_281' title='bbox 558 4099 783 4181; x_wconf 69' lang='grc' dir='ltr'><em>περιστήσαντες</em></span> <span class='ocrx_word' id='word_1_282' title='bbox 805 4099 901 4182; x_wconf 81' lang='grc' dir='ltr'><em>κύκλῳ</em></span> <span class='ocrx_word' id='word_1_283' title='bbox 923 4098 989 4173; x_wconf 84' lang='grc' dir='ltr'><em>τοὺς</em></span> <span class='ocrx_word' id='word_1_284' title='bbox 1011 4098 1115 4180; x_wconf 76' lang='grc' dir='ltr'><em>ψιλοὺς</em></span> <span class='ocrx_word' id='word_1_285' title='bbox 1137 4096 1224 4162; x_wconf 79' lang='grc' dir='ltr'><em>κατέ-</em></span> 
     </span>
    </p>
   </div>
   <div class='ocr_carea' id='block_1_3' title="bbox 147 4346 837 4418">
    <p class='ocr_par' dir='ltr' id='par_1_6' title="bbox 147 4346 837 4418">
     <span class='ocr_line' id='line_1_33' title="bbox 147 4346 837 4418; baseline -0.003 -17"><span class='ocrx_word' id='word_1_286' title='bbox 147 4349 175 4418; x_wconf 84' lang='grc'><strong>1)</strong></span> <span class='ocrx_word' id='word_1_287' title='bbox 193 4349 250 4400; x_wconf 82' lang='grc' dir='ltr'><em>ίίταν</em></span> <span class='ocrx_word' id='word_1_288' title='bbox 266 4350 309 4413; x_wconf 76' lang='grc' dir='ltr'><em>μὲν</em></span> <span class='ocrx_word' id='word_1_289' title='bbox 328 4348 341 4408; x_wconf 73' lang='grc' dir='ltr'>ἡ</span> <span class='ocrx_word' id='word_1_290' title='bbox 360 4349 431 4412; x_wconf 76' lang='grc' dir='ltr'><em>λίμνη</em></span> <span class='ocrx_word' id='word_1_291' title='bbox 448 4351 567 4415; x_wconf 72' lang='grc' dir='ltr'><em>καταστῇ,</em></span> <span class='ocrx_word' id='word_1_292' title='bbox 584 4347 746 4413; x_wconf 74' lang='grc' dir='ltr'><em>λαμβάνουσιν</em></span> <span class='ocrx_word' id='word_1_293' title='bbox 764 4346 837 4399; x_wconf 74' lang='grc' dir='ltr'><em>οὐδέν.</em></span> 
     </span>
    </p>
   </div>
   <div class='ocr_carea' id='block_1_4' title="bbox 0 0 1531 4980">
    <p class='ocr_par' dir='ltr' id='par_1_7' title="bbox 0 0 1531 4980">
     <span class='ocr_line' id='line_1_34' title="bbox 0 0 1531 4980; baseline 0 0"><span class='ocrx_word' id='word_1_294' title='bbox 0 0 1531 4980; x_wconf 95' lang='lat' dir='ltr'><strong> </strong></span> 
     </span>
    </p>
   </div>
  </div>
 </body>
</html>
