3038 4980
734 516 776 580 50

196 708 348 791 loquitur,
372 705 459 790 quod
481 723 605 789 semper
627 703 731 768 ualuit
751 703 944 787 plurimnm;
967 703 1052 767 hanc
1070 706 1180 767 tamen
1199 723 1315 770 uocem

198 823 256 906 qui
278 840 344 885 non
360 819 471 908 audit,
491 817 631 882 Homero
653 822 737 882 oerte
759 815 888 881 habebit
908 815 1013 900 fidem,
1037 818 1095 900 qui
1115 818 1189 901 ipso
1213 817 1314 883 uerbo

197 936 294 1000 ἰᾶσθοι
328 954 394 999 non
427 935 491 998 nisi
520 934 559 999 de
588 933 740 998 sanandis
770 930 962 997 urdneribns
990 952 1071 997 usus
1102 937 1153 997 est
1175 935 1314 1018 saepius.

197 1048 253 1113 Nil
280 1049 397 1112 mirum
429 1049 528 1134 igitur
554 1049 584 1111 si
604 1045 812 1129 iampridem
837 1065 911 1109 cum
935 1045 1019 1109 mala
1040 1050 1149 1111 essent
1171 1048 1315 1112 sananda

202 1165 370 1248 scriptores
393 1160 433 1225 ab
455 1162 515 1225 hac
536 1160 711 1224 medicinae
729 1164 818 1243 parte
835 1161 1175 1244 sumpserintquauti
1185 1161 1317 1246 uellent,

200 1277 380 1360 imaginem.
400 1271 492 1338 ’Λνεν
513 1271 755 1353 ἀνομφνσβητον
766 1271 926 1352 τεκμηρὰον
937 1271 1098 1349 βονλεῦσοοί
1106 1297 1135 1337 τι
1146 1273 1314 1348 οἶνηκεστον.

204 1391 233 1473 1,
264 1391 338 1472 132,
369 1391 389 1452 5
415 1390 484 1453 sine
507 1387 684 1452 manifestis
705 1386 832 1450 indiciis
855 1386 895 1451 de
916 1389 988 1451 niro
1010 1386 1167 1471 Spartano
1192 1389 1317 1473 aliquid

201 1505 335 1590 granius
361 1503 540 1568 decernere.
563 1500 635 1565 Hoc
652 1500 752 1565 uerbo
769 1505 852 1565 tecte
870 1500 1070 1585 significatur
1080 1521 1185 1586 poena
1195 1505 1318 1588 capitis,

204 1637 286 1702 quae
319 1636 421 1702 poena
455 1615 553 1680 semel
586 1615 748 1700 persoluta
779 1616 885 1679 sanari
916 1634 981 1679 non
1014 1620 1127 1700 potest.
1161 1615 1317 1696 Σφολὲντν

202 1727 295 1808 μηδὲν
324 1730 425 1794 ποθεῖν
454 1728 621 1802 ἀνήκεστον.
658 1730 688 1811 3,
716 1729 768 1810 39,
792 1729 810 1791 7
834 1729 969 1813 grauius
992 1728 1070 1812 quid
1094 1731 1226 1814 perpeti
1250 1729 1318 1810 Πρίν

201 1868 230 1908 το
259 1843 415 1917 ἀνήκεστον
437 1841 487 1906 διὰ
510 1842 602 1920 μέσον
623 1841 775 1920 γενόμενον
797 1842 880 1918 ἡμᾶς
901 1840 1103 1918 καταλαβεῖν,
1127 1844 1317 1928 priusquam

202 1956 295 2022 nobis
329 1956 452 2021 accidat
483 1975 584 2041 grane
618 1955 706 2039 quid,
736 1955 823 2038 quod
856 1955 967 2019 sarciri
996 1975 1061 2019 non
1095 1959 1199 2041 possit
1219 1960 1318 2043 impe

205 2072 342 2155 diatqne,
365 2072 539 2154 quominus
562 2071 644 2133 inter
666 2087 726 2133 nos
747 2069 998 2133 reconciliemur.
1022 2070 1054 2153 4,
1076 2071 1129 2152 20,
1153 2071 1183 2154 1,
1206 2071 1262 2136 cfr.
1287 2073 1317 2157 5,

206 2185 279 2267 111,
303 2186 322 2248 3
345 2179 511 2263 ξομφόρονς
533 2180 711 2254 οὶνηκέοτοος,
737 2181 968 2247 calamitatibus
990 2183 1176 2267 desperatis.

249 2297 313 2376 Qui
344 2300 492 2382 sequitur
523 2298 615 2362 locus
649 2297 776 2361 silentio
806 2315 872 2360 non
899 2298 1150 2381 praetereundus
1171 2300 1318 2364 uidetur:

206 2415 238 2499 3,
255 2415 308 2496 45,
328 2415 348 2476 5
371 2414 408 2484 ὣς
429 2408 539 2484 ἑκοὲστη
563 2434 609 2482 τις
630 2408 794 2489 κκτέχετιο
813 2410 863 2472 ὑπ’
881 2409 1042 2482 ἀνηκέστου
1060 2411 1135 2484 τινὸς
1153 2411 1318 2493 κρείσσονος.

207 2526 299 2604 Quod
321 2528 429 2608 sciam,
451 2527 529 2590 haec
550 2524 648 2590 verba
671 2527 759 2589 omni
781 2524 879 2589 dubio
902 2526 1022 2590 maiora
1043 2528 1116 2590 uisa
1138 2532 1217 2592 sunt
1240 2529 1318 2593 uiris

206 2641 317 2707 doctis.
341 2640 400 2706 Est
420 2645 528 2704 tamen
550 2639 637 2724 quod
660 2639 802 2703 dubitem
826 2642 933 2704 sintne
954 2659 1067 2705 reuera
1089 2662 1110 2705 a
1130 2641 1316 2724 Thucydide

205 2757 251 2821 sic
273 2759 398 2841 scripta
420 2754 491 2819 Hoc
513 2754 643 2838 quidem
667 2760 804 2818 utuntur
826 2755 1017 2837 testimonio,
1037 2755 1124 2838 quod
1142 2761 1229 2821 recte
1241 2756 1317 2820 dici-

203 2877 258 2936 tur
280 2867 415 2934 iniciat
437 2868 625 2948 τοδημκτκ,
648 2874 681 2932 at
703 2870 731 2932 si
753 2865 882 2945 sidant
900 2868 982 2932 illud
1001 2869 1184 2953 uehementi,
1204 2870 1244 2935 de
1256 2889 1320 2954 quo

205 2985 319 3068 agitur,
342 3001 421 3047 uoce
441 2986 570 3062 κρεῖσσον
593 2980 801 3065 significatur,
825 2981 907 3045 duae
929 2984 1036 3067 inepte
1054 2984 1234 3066 permixtae
1245 2989 1320 3049 sunt

207 3099 362 3183 imagines
392 3102 424 3161 et
454 3117 520 3160 non
550 3098 620 3161 sine
647 3096 792 3160 molestia
812 3096 913 3160 uerbo
934 3094 1084 3176 ἀνηκέστῳ
1108 3099 1242 3164 sedandi
1265 3119 1321 3164 ex·

206 3213 379 3298 plendiqne
409 3212 568 3277 subicitur
596 3213 692 3275 notio.
724 3209 808 3288 Quid
839 3214 868 3276 si
898 3231 956 3296 pro
986 3209 1146 3284 ἀνηκέστου
1174 3213 1321 3299 legamus

207 3325 366 3401 οἰνοκητονῖ
388 3325 438 3390 Ita
461 3327 568 3390 omnia
591 3325 670 3389 mihi
691 3325 844 3390 uidentur
866 3325 1013 3410 mpedita
1031 3331 1064 3390 et
1081 3326 1322 3413 multoelegan·

208 3442 282 3524 tius,
313 3460 379 3524 qna
407 3439 505 3504 semel
536 3459 616 3504 usus
646 3444 704 3522 est,
735 3445 918 3523 perseuerat
948 3440 1088 3524 imagine
1108 3439 1321 3523 Thucydides

209 3553 335 3640 Optime
364 3555 449 3619 enim
480 3554 563 3618 inter
593 3573 628 3618 se
657 3564 840 3639 congruunt
866 3552 1009 3626 ἀνίκητον,
1032 3560 1158 3634 κρεῖσσον
1181 3561 1215 3621 et
1235 3555 1322 3620 κοτέ-

208 3671 323 3750 χεσοοικ
353 3668 442 3734 Haec
465 3669 594 3733 uidetur
615 3687 686 3733 esse
708 3670 881 3734 sententia:
901 3674 997 3752 prout
1018 3669 1138 3754 singuli
1160 3673 1323 3736 constricti

209 3788 358 3849 tenentur
389 3782 497 3866 aliqua
526 3782 699 3867 cupiditate
730 3783 975 3866 uehementiore,
1001 3802 1098 3867 quam
1130 3803 1214 3867 quae
1236 3785 1324 3850 uinci

210 3900 321 3983 possit

254 4011 326 4076 Hoc
354 4011 439 4075 idem
464 4009 505 4073 ad
527 4029 631 4095 genus
653 4010 822 4095 pertinent,
845 4028 929 4094 quae
950 4016 1148 4094 sequnntur:
1172 4009 1323 4094 ἀνάληψις

212 4125 242 4207 5,
265 4124 317 4206 65,
340 4125 360 4186 2
384 4123 455 4205 (hoo
477 4142 543 4187 uno
561 4123 631 4188 loeo
649 4125 734 4209 apud
744 4124 961 4206 Thucydidem
974 4127 1141 4205 occurrit);
1154 4127 1323 4193 scholiasta

211 4239 452 4322 interpretatur:
476 4235 636 4316 espanes,
659 4236 840 4319 κοτὲρνοσιν.
863 4236 1028 4303 Sententia
1050 4239 1231 4304 illustratur
1252 4261 1322 4307 uer·

211 4350 261 4416 bis
284 4369 367 4436 qnae
392 4352 423 4434 5,
446 4350 498 4434 63,
522 4352 542 4415 3
566 4351 734 4438 leguntur:
752 4351 884 4434 ῥόοεσθκι
902 4350 959 4426 τὰς
977 4350 1075 4426 αἰτίοις
1093 4373 1129 4420 se
1147 4354 1226 4420 dicit
1235 4357 1322 4442 Agis.
