3038 4980
733 448 777 511 40

240 636 367 701 Bellum
398 635 559 700 uiolentus
591 640 639 700 est
667 633 827 720 magister,
861 636 917 718 qui
944 635 1118 720 discipulos
1143 654 1232 719 suos,
1255 632 1312 708 σόος

197 748 284 833 aaa
306 751 362 815 τῶν
385 752 508 813 πολιτῶν
533 750 613 834 dico,
637 750 677 814 ad
695 753 891 834 praesentem
911 767 1019 814 rerum
1040 752 1157 814 statum
1170 748 1313 814 instituit

199 871 230 930 et
252 864 382 949 effingit,
404 862 501 941 ὅμοιοί.
527 862 588 928 cfr.
611 863 758 949 Xenoph.
783 862 855 946 (lyr.
881 864 909 947 2,
936 864 964 947 3,
990 863 1030 927 13
1054 863 1111 928 ubi
1129 864 1215 928 idem
1237 865 1314 929 dici-

199 983 252 1044 tur
271 978 311 1043 de
329 979 525 1043 necessitate.
547 979 576 1061 3,
595 978 648 1062 42,
670 980 689 1040 2
709 976 732 1041 οί
750 975 829 1055 λόγοι
842 977 993 1042 dicuntur
1004 975 1183 1041 διδοίσκαλοι.
1201 974 1313 1042 Διδαίσ-

199 1105 288 1164 καλος
312 1091 523 1176 metaphorice
547 1093 684 1156 occurrit
706 1093 800 1156 etiam
820 1092 850 1175 8,
870 1091 922 1175 45,
943 1092 972 1154 2.
993 1089 1108 1155 Omnia
1126 1091 1313 1157 Alcibiades

201 1205 333 1271 docebat
355 1210 391 1270 ut
413 1204 670 1271 Lacedaemoniis
693 1209 827 1271 noceret.
849 1204 939 1270 Idem
962 1205 1028 1270 fere
1051 1205 1169 1270 dicitur
1192 1207 1223 1290 3,
1243 1208 1272 1291 2,
1292 1208 1312 1270 3

201 1316 330 1397 μηνυταί
353 1317 510 1397 γίγνονται.
535 1317 596 1383 en.
622 1320 651 1403 5,
675 1320 725 1402 30,
750 1319 777 1383 1.
797 1318 962 1384 Interdum
982 1319 1072 1384 uelut
1091 1321 1121 1403 8,
1140 1320 1193 1403 48,
1214 1320 1234 1383 6
1256 1339 1313 1404 pro

203 1453 281 1499 uoce
304 1429 480 1505 διδοίσκαλος
505 1433 699 1498 uocabulum
722 1431 868 1512 ε’σνγκπιίς
890 1435 1057 1499 inuenitur
1080 1431 1141 1497 Ofr.
1166 1435 1195 1518 5,
1217 1434 1310 1519 30,1.

201 1549 362 1633 Aristoph.
393 1547 473 1612 Ran.
505 1548 576 1612 971.
604 1549 717 1613 Aesch.
743 1547 1314 1632 1,172ambasu000s00niunxit.

248 1661 445 1747 Διδασκαλίαι,
467 1663 635 1747 institutio,
657 1663 716 1727 hoe
735 1663 828 1727 modo
848 1662 1038 1729 transfertur
1058 1665 1087 1748 2,
1107 1663 1159 1747 87,
1174 1664 1202 1728 7.
1215 1661 1316 1740 Quid-

203 1777 282 1862 quid
305 1781 397 1842 antea
420 1781 467 1843 est
489 1781 695 1843 commissum
718 1781 845 1862 peccata
867 1782 976 1842 nostra
998 1797 1086 1842 nunc
1108 1777 1201 1843 nobis
1221 1782 1316 1844 amnt
1342 1826 1345 1832 -

203 1891 296 1969 utilia
318 1891 358 1955 ad
382 1891 587 1956 discendum:
611 1889 803 1955 διδασκαλίαν
827 1886 951 1972 παρέξει.
975 1891 1099 1976 1,68,3
1119 1889 1317 1965 διδασκαλίας

203 2002 240 2068 ίον
269 2005 307 2077 ὡς
338 2005 387 2070 οὐκ
416 2003 499 2069 είδόσι
529 2003 663 2086 προσέδει.
694 2005 832 2070 Necesse
861 2009 945 2071 esset
968 2010 1004 2071 ut
1026 2010 1190 2090 tamquam
1212 2007 1318 2092 ignari

206 2119 406 2184 doceremini.
438 2118 502 2185 (lfr.
535 2121 565 2204 2,
595 2120 647 2204 42,
680 2118 709 2182 1.
740 2118 861 2199 Διδαχιί
889 2121 1061 2185 admonitio
1084 2122 1115 2204 4,
1141 2121 1214 2206 126,
1239 2122 1257 2183 1
1285 2126 1318 2186 et

206 2234 341 2318 saepius.

249 2343 404 2410 Διδοίσκειν
427 2347 668 2412 translationem
687 2349 874 2432 prouocauit
898 2350 927 2432 2,
953 2348 1006 2433 60,
1030 2349 1049 2411 6
1069 2345 1087 2412 ό
1101 2371 1135 2411 σε
1153 2347 1211 2430 γαρ
1230 2347 1316 2428 γνοὺς

76 2466 83 2475 “
205 2458 257 2525 καί
287 2458 331 2538 μδ
361 2462 467 2541 σαφῶς
498 2456 620 2534 διδοίξας
650 2460 679 2523 ἕν
709 2457 759 2541 ίσῳ
782 2458 833 2525 καί
856 2461 880 2526 εί
902 2460 945 2539 μὴ
970 2460 1136 2540 ἕνεόνμνίόν,
1160 2466 1318 2548 namqui

205 2576 296 2639 nouit
332 2578 363 2639 et
397 2594 461 2639 non
491 2578 598 2659 aperte
628 2575 719 2640 docet
749 2575 834 2641 idem
864 2576 950 2640 ualet
973 2580 1069 2660 atque
1091 2578 1127 2660 is,
1152 2578 1210 2661 qui
1233 2597 1318 2641 nun-

205 2709 302 2775 quam
336 2689 516 2773 cogitasset.
547 2687 609 2755 Gir.
642 2688 670 2773 l,
700 2689 752 2773 86,
782 2690 820 2771 43
852 2691 882 2774 8,
915 2691 966 2774 75,
992 2690 1009 2752 1
1033 2691 1118 2774 etl,
1142 2691 1193 2774 17,
1217 2692 1238 2752 2
1261 2690 1320 2755 ubi

205 2800 387 2875 διδοίσκοντες
410 2807 441 2868 et
463 2799 661 2880 διδασκόμενοι
682 2803 766 2868 inter
788 2822 858 2869 sese
881 2809 1095 2889 opponuntur,
1117 2808 1154 2869 ut
1175 2804 1203 2889 l,
1225 2804 1278 2891 68,
1297 2807 1317 2869 2

148 2994 153 3005 ,
206 2915 350 2982 διδόσκειν
372 2920 403 2981 et
428 2912 564 2994 μοίόνσις.

249 3029 341 3095 Mitto
364 3048 448 3115 quae
470 3030 621 3113 leguntur
645 3030 675 3114 2,
697 3031 749 3114 43,
774 3031 804 3114 3,
825 3027 962 3112 ἄγραφος
982 3029 1097 3116 μνήμη,
1114 3051 1173 3117 per
1185 3053 1219 3098 se
1231 3037 1320 3102 enim

207 3147 323 3229 patent.
359 3142 448 3220 Quae
482 3145 598 3229 scripta
632 3147 708 3208 sunt
737 3163 830 3229 saepe
859 3150 1099 3231 expunguntur.
1128 3146 1209 3213 Inde
1240 3150 1321 3216 haec

207 3258 388 3323 translatio:
421 3256 507 3322 δεινὸν
537 3256 569 3321 δὲ
598 3252 673 3331 δόξει
702 3251 772 3321 εἶναι
799 3254 955 3322 Πλοίποααν
978 3258 1226 3338 Λακεδαιμονίινς
1251 3286 1319 3345 πορ-

208 3373 302 3446 θῆσαι,
336 3368 388 3439 καί
417 3369 484 3443 τοὺς
514 3369 569 3449 μὲν
600 3369 730 3452 πατέρας
752 3368 926 3451 σίνανοοίψοιι
948 3372 977 3444 ἐς
1000 3371 1049 3436 σὸν
1071 3372 1193 3455 τρίποδα
1216 3376 1266 3440 τὸν
1290 3379 1322 3442 ἕν

209 3488 342 3567 Δελφοῖς
368 3485 405 3550 δι’
427 3483 531 3565 κίρσιιδν
552 3484 605 3558 τὴν
627 3481 722 3557 πόλιν,
746 3483 826 3563 ὑμαῖς
848 3483 880 3548 δὲ
903 3483 955 3549 καί
978 3486 1011 3551 ἐκ
1034 3487 1145 3561 παντὸς
1168 3492 1220 3553 τοῦ
1245 3490 1322 3554 Ἑλ-

207 3604 322 3674 ληνικοῦ
357 3595 531 3682 πανοαοισίρι
564 3597 613 3663 διοὶ
642 3596 792 3676 Θηβαίους
821 3594 979 3681 ἐξαλεῖψαι
1010 3603 1039 3685 3,
1071 3602 1122 3687 57,
1152 3605 1181 3666 2.
1213 3604 1323 3671 Atrox

208 3715 371 3781 uidebitur
406 3732 476 3780 esse
504 3712 629 3778 nanus
659 3711 925 3780 lacedaemonios
954 3715 1099 3781 Plataeas
1129 3721 1325 3805 uastauisse,

209 3829 363 3914 urbisque
394 3846 521 3912 nomen,
555 3827 641 3912 quod
673 3828 807 3893 maiores
838 3830 939 3894 uestri
961 3830 994 3893 in
1018 3831 1142 3916 tripode
1163 3829 1322 3918 Delphico

208 3947 337 4027 propter
358 3943 513 4006 uirtutem
536 3940 784 4025 insculpserunt,
805 3941 962 4009 Thebanis
980 3949 1147 4012 utmorem
1158 3953 1324 4036 gereretis,

209 4073 269 4119 uos
303 4073 345 4119 eu
378 4055 531 4120 uniuersa
566 4052 698 4119 Graecia
731 4054 896 4121 delenisse
930 4056 1037 4122 Uerba
1070 4061 1148 4125 haec
1182 4069 1324 4147 quantos

209 4168 337 4233 aculcos
367 4172 569 4252 quantosque
599 4166 735 4233 habeant
757 4187 875 4235 neruos
898 4171 927 4235 is
951 4173 1066 4237 sentiet
1089 4177 1324 4243 contrariorum

209 4280 394 4348 relationem
424 4282 481 4366 qui
502 4282 564 4347 rito
584 4281 788 4367 perspexerit,
810 4282 914 4349 neue
936 4285 1022 4351 enirn
1046 4305 1120 4353 cum
1143 4289 1227 4355 inter
1248 4310 1322 4358 sese
