3098 4980
743 457 805 519 128

256 648 364 731 Eurip.
388 644 468 710 Med.
494 647 550 709 93:

759 740 821 807 οὐδὲ
843 740 991 806 παύσεται

410 860 511 939 χίλια,
534 856 610 939 σαφ’
635 852 711 930 σίδαι,
735 855 801 936 πρὶν
823 855 1019 935 κατασκῆψαί
1040 877 1113 918 τινα.

257 1009 382 1096 Hippol.
412 1012 513 1075 1418:

411 1158 493 1239 ὀργαί
516 1159 757 1238 κατασκήψασα
779 1159 817 1231 εἰς
841 1159 873 1223 τὸ
897 1160 946 1223 σὸν
969 1157 1073 1235 δέμας.

259 1318 311 1383 Sic
343 1320 485 1403 Thucyd.
516 1323 545 1404 2,
576 1323 628 1403 49,
658 1323 678 1384 8
702 1322 872 1403 transtulit,
893 1318 1079 1393 κατέσκηπτε
1100 1318 1157 1399 γαρ
1179 1320 1209 1390 ἐς
1232 1316 1329 1399 ἄκρας

216 1439 320 1512 χεῖρας
353 1430 401 1497 καὶ
435 1433 535 1506 ποίας.
573 1434 704 1499 Morbus
740 1437 774 1498 in
809 1455 950 1499 summas
980 1454 1095 1499 manus
1119 1451 1331 1516 summosque

214 1547 308 1631 pedes
336 1548 548 1614 incumbebat.
580 1548 624 1612 Ut
646 1549 789 1612 fulminis
813 1550 897 1634 ignis
920 1547 1077 1612 confector
1101 1549 1256 1629 omnium,
1281 1547 1329 1610 sio

212 1660 341 1724 morbus
364 1661 426 1743 ille,
451 1681 677 1746 quamcunque
701 1663 837 1746 corporis
861 1667 980 1747 partem
1006 1663 1189 1745 arripuerat,
1209 1679 1329 1723 oonsu-

213 1774 325 1839 mebat.
350 1777 379 1857 2,
402 1777 454 1858 47,
474 1778 493 1839 3
514 1776 622 1840 eodem
644 1795 741 1841 seusu
762 1778 899 1841 occurrit
911 1774 1048 1841 uerbum
1060 1773 1329 1856 ἐγκατασκηπτειι,

216 1888 301 1972 quod
331 1889 413 1953 idem
446 1890 484 1953 de
515 1891 633 1954 morbo.
659 1888 854 1974 Cogitatione
878 1889 938 1954 sibi
960 1888 1056 1952 finxit
1079 1889 1224 1951 morbum
1250 1892 1330 1950 tam·

216 2021 312 2085 quam
334 2002 456 2066 fulmen
479 2009 606 2087 reponte
628 2022 664 2066 ao
687 2003 892 2068 uehementer
914 2004 1032 2082 emitti;
1056 2001 1109 2065 cfr.
1135 2003 1162 2063 2.
1187 2002 1239 2082 48,
1268 2001 1331 2073 1ε’ς

216 2114 247 2179 δὲ
270 2116 321 2188 την
345 2116 502 2189 Ἀθηναίων
526 2117 607 2180 πόλιν
631 2113 801 2190 ἐξαπιναίως
824 2115 950 2180 ε’σὲπεσε.
971 2115 1033 2180 Ofr.
1053 2116 1148 2201 Soph.
1169 2114 1244 2180 Oed.
1257 2113 1330 2196 Tyr.

218 2230 258 2291 27
283 2229 311 2292 ἐν
334 2230 360 2293 δ’
380 2229 394 2292 o‘
414 2228 553 2310 πυρφόρος
566 2230 624 2300 θεὸς
636 2230 756 2309 σκήψας
768 2227 890 2313 ἐλαύνει,
902 2230 1001 2305 λοιμὸς
1014 2226 1156 2311 ἔχθιστος,
1168 2226 1251 2291 πόλιν
1263 2275 1270 2289 .
1281 2274 1288 2289 .
1301 2275 1308 2289 .
1324 2276 1331 2291 .

263 2344 337 2408 Huc
367 2344 441 2409 facit
471 2347 563 2409 etiam
597 2346 624 2427 1,
655 2345 695 2406 66
727 2345 757 2407 οὐ
790 2342 886 2420 μέντοι
917 2341 933 2406 ί
952 2367 989 2420 γε
1014 2340 1142 2419 πόλεμός
1165 2365 1209 2404 πα
1233 2338 1332 2421 ξυνερ-

218 2457 323 2537 ρώγειι.
349 2458 499 2523 Nondum
523 2457 642 2523 bellum
666 2463 819 2543 eruperat.
843 2458 901 2522 Est
924 2462 1001 2542 puto
1025 2457 1161 2522 uerbum
1185 2457 1331 2540 exquisi-

217 2573 293 2648 tius,
316 2573 401 2656 quod
423 2573 508 2658 apud
532 2574 654 2636 Atticos
677 2573 736 2636 hoo
756 2591 820 2636 uno
833 2573 901 2635 loco
914 2574 1067 2650 occurrit3
1083 2573 1209 2655 saepius
1221 2575 1331 2636 tamen

220 2689 276 2771 qui
306 2691 406 2752 aetate
437 2691 512 2750 sunt
541 2687 738 2770 posteriores
760 2687 935 2770 Appianus‚
960 2683 1089 2749 Cassius
1111 2682 1173 2748 Dio
1198 2689 1228 2749 et
1251 2683 1334 2749 Plu-

217 2802 345 2865 tarchus
380 2803 455 2864 sunt
490 2801 549 2864 usi.
579 2799 698 2885 Operae
729 2801 885 2884 praetium
918 2803 966 2863 est
997 2818 1070 2862 cum
1100 2798 1207 2862 uerbis
1232 2817 1331 2882 supra

217 2913 324 2978 relatis
355 2913 495 2978 conferre
525 2933 570 2996 ea,
601 2933 681 2997 quae
710 2915 920 2978 inueniuntur
943 2913 1103 2995 Aristoph.
1128 2911 1234 2995 Equit.
1262 2911 1328 2974 644

219 3024 251 3099 ἐξ
285 3021 315 3090 αὖ
344 3026 401 3107 γαρ
431 3026 503 3104 ἡμῖν
532 3027 545 3089 ὃ
569 3028 697 3102 πόλεμος
720 3023 892 3107 κατερριίγη.
916 3025 977 3090 His
1001 3046 1080 3090 usus
1103 3024 1210 3091 uerbis
1234 3024 1330 3088 botu-

219 3140 317 3205 larius
341 3142 379 3205 de
402 3142 509 3207 eodem
535 3142 573 3205 de
597 3162 660 3224 quo
684 3140 885 3223 Thucydides
905 3140 1047 3224 loquitur
1066 3140 1157 3204 bello.
1169 3138 1221 3203 Sic
1234 3140 1331 3203 etiam

222 3253 440 3340 Dioaaopoiis:
472 3255 622 3319 καιτεῖιίει
648 3255 726 3335 αρχη
748 3259 799 3319 τοῦ
821 3252 950 3330 πολέμου
973 3251 1144 3334 κατερριίγη.
1169 3252 1228 3317 Cir.
1253 3251 1331 3316 Luc.

224 3370 326 3436 Uerae
347 3370 507 3436 Historiae
529 3373 559 3453 2,
580 3371 619 3433 35
643 3368 763 3450 βροντῆς
786 3366 924 3446 μεγάλης
947 3365 1175 3448 καταρραγείσης
1189 3368 1219 3448 1).

267 3487 345 3550 Arte
365 3486 531 3550 cohaerent
555 3504 636 3569 quae
660 3486 689 3567 8,
713 3484 766 3567 96,
787 3486 806 3546 2
830 3485 995 3568 leguntur:
1016 3478 1234 3555 Καὶίιδηησνὸι
1247 3478 1333 3543 ὁπότε

221 3596 320 3677 σφίσιν
354 3598 453 3670 αὐτοῖς
485 3593 657 3677 ξυρριίξσιισι.
688 3596 730 3660 nt
759 3599 914 3661 incertum
946 3600 1012 3660 erat
1042 3595 1168 3678 quando
1191 3596 1276 3659 inter
1298 3613 1333 3659 se

220 3713 406 3776 concursuri
428 3716 542 3776 essent.
564 3709 608 3774 Ut
630 3710 715 3775 enim
735 3711 872 3774 nubium
892 3708 1041 3774 conflictu
1053 3709 1146 3773 ardor
1157 3727 1328 3793 expressus

220 3844 254 3890 se
289 3825 411 3907 emittit,
447 3861 487 3870 -
523 3824 568 3888 sio
599 3823 684 3887 enim
714 3823 836 3907 antiqui
860 3841 926 3887 rem
950 3821 1010 3887 sibi
1033 3821 1195 3907 fingebant
1220 3859 1261 3868 -
1285 3825 1331 3886 ita

219 3939 253 4001 in
277 3939 404 4004 ciuitate
426 3938 495 4002 aliis
519 3938 589 4002 aliis
611 3939 755 4022 panibus
777 3936 961 4002 fauentibus
984 3956 1057 4001 cum
1079 3937 1161 4001 inter
1172 3955 1241 4002 sese
1253 3956 1328 4000 oon-

258 4207 284 4275 4)
300 4208 349 4260 Cir.
372 4209 441 4260 Plut.
457 4208 523 4260 Tim.
540 4206 650 4274 ἐξαίφνης
667 4208 714 4257 ἀπὸ
731 4213 777 4257 τῶν
794 4208 846 4269 ὁρῶν
862 4208 960 4270 βρονταί
973 4224 1000 4256 τε
1018 4206 1117 4270 Φοβεραί
1132 4207 1332 4270 κατερρήγνυντο,

226 4300 265 4349 καί
283 4298 391 4361 πυρώδεις
408 4299 529 4361 ἀστραπαί
545 4299 712 4365 συνεξέπιπτον
