3038 4980
850 482 891 544 28

312 669 453 751 quentia,
489 686 585 751 quam
620 687 657 732 ea
693 687 763 733 sero
797 668 949 752 prodierit
979 669 1012 732 in
1043 669 1158 735 lucem.
1190 671 1250 736 Sic.
1277 674 1308 756 8,
1332 675 1430 759 43,4

278 793 281 798 ’
311 781 404 860 τροφή
432 785 480 846 est
508 786 655 866 sumptus
677 782 762 847 belli.
787 780 946 863 Ξόνσρσφσς
971 786 1001 866 2,
1026 784 1076 868 50,
1102 785 1119 848 l
1145 788 1330 853 inuenitur:
1356 786 1431 854 ἄλλο

310 919 338 958 τι
363 894 391 959 όν
414 893 431 969 ἢ
456 899 512 960 τῶν
535 893 698 978 ξννσρόφων
720 920 757 979 σν,
781 916 823 961 ex
845 897 905 961 hoc
927 897 1097 982 apparebat
1120 898 1270 965 morbum
1296 905 1428 967 omnino

310 1029 434 1074 nouum
455 1015 486 1075 et
505 1011 668 1075 insolitum
687 1029 765 1075 esse.
785 1009 959 1075 Scholiasta
978 1013 1206 1096 interpretatur
1217 1015 1274 1076 τῶν
1287 1011 1428 1079 εἰωθότων.

310 1122 371 1187 Otr.
396 1125 425 1208 2,
450 1126 501 1209 51,
527 1125 554 1188 1.
578 1122 630 1187 κκ1
654 1120 729 1189 ἄλλο
754 1121 913 1204 παρελύπει
936 1124 1004 1187 κατ’
1031 1125 1205 1189 ἐκεῖνοντὸν
1228 1123 1331 1207 χρόνον
1351 1127 1430 1191 οὐδὲν

311 1241 367 1301 τῶν
390 1237 530 1301 εἷωόόσωκ.

355 1350 490 1416 Uiuidas
525 1356 556 1416 et
586 1352 766 1416 luculentas
796 1353 953 1434 imagines
977 1353 1078 1417 oculis
1102 1354 1221 1417 nostris
1244 1373 1430 1438 repraesen-

311 1469 381 1530 tant
415 1466 636 1530 translationes
667 1466 749 1549 illae,
776 1485 857 1550 quae
881 1465 980 1531 uerbo
1003 1464 1118 1543 βόσκειν
1142 1469 1277 1552 eiusque
1300 1489 1428 1555 compo-

311 1582 381 1645 sitis
415 1584 447 1644 et
481 1580 634 1645 deriuatis
662 1582 873 1663 eontinentur,
897 1599 1044 1664 quaeque
1075 1582 1190 1665 partim
1215 1584 1428 1649 suauissimae

309 1699 394 1761 sunt.
418 1694 517 1760 Uclut
540 1693 633 1779 Soph.
657 1696 765 1779 Antig.
790 1695 876 1757 1246
896 1692 1007 1758 ε’λσόσνν
1028 1693 1059 1759 δὲ
1078 1692 1225 1773 βόσκσμκν
1237 1696 1351 1781 fragm.
1364 1698 1426 1762 687

309 1805 395 1880 ἐλπὶς
425 1805 482 1888 peip
514 1807 531 1881 ἡ
562 1807 711 1886 βόσκσνσκ
734 1807 800 1880 τσὺς
824 1807 949 1881 πολλοὺς
972 1807 1088 1890 βρωτῶν.
1115 1809 1197 1874 Phil.
1222 1811 1286 1874 313
1310 1817 1447 1876 raucior-

310 1920 424 2000 βόσκων
446 1920 500 1994 τὴν
521 1919 680 2003 ἀδηφάγον
700 1919 786 1986 νόσσν.
812 1921 872 1986 cfr.
897 1923 982 1986 1167
1006 1927 1037 1989 et
1059 1923 1166 1988 Trach.
1194 1925 1258 1989 144
1282 1930 1314 1990 et
1337 1927 1426 1991 Aiac.

312 2036 375 2099 570
410 2032 593 2116 νκρσβσσκός.
624 2035 700 2100 Hur.
730 2035 806 2100 Her.
839 2036 911 2100 826.
944 2035 1049 2101 Semel
1077 2041 1202 2102 tantum
1226 2038 1305 2103 haec
1330 2045 1428 2105 meta·

309 2150 410 2235 phora
443 2151 580 2214 occurrit
610 2150 695 2234 apud
717 2149 950 2232 Thucydidem:
977 2151 1005 2234 7,
1032 2152 1085 2236 48,
1111 2152 1129 2213 5
1153 2151 1286 2216 νκντνκόν
1308 2150 1426 2230 βόσκειν

311 2263 395 2328 alere
418 2264 560 2347 classem,
584 2263 637 2327 cfr.
662 2262 780 2328 Herod.
804 2264 833 2347 6,
858 2265 907 2328 39.
932 2263 1061 2329 Solutae
1082 2266 1233 2331 orationis
1253 2269 1425 2352 scriptores

310 2380 411 2443 Attici
440 2378 501 2443 hoc
530 2377 629 2443 uerbo
661 2377 699 2442 de
721 2377 905 2443 hominibus
928 2398 993 2442 non
1017 2382 1161 2463 utuntur,
1184 2380 1284 2465 idque
1306 2385 1425 2448 mirum

310 2494 440 2558 uidetur
469 2512 542 2557 cum
574 2511 667 2577 saepe
696 2496 807 2556 utatur
836 2492 1067 2576 Aristophanes
1081 2493 1103 2570 ¹)
1125 2494 1159 2556 in
1179 2513 1327 2560 sermone
1351 2499 1427 2562 coti·

312 2610 415 2674 diano.
437 2608 537 2672 Porro
560 2626 602 2672 ex
626 2607 780 2691 exemplis
804 2607 907 2672 allatis
931 2608 1008 2671 satis
1028 2611 1158 2692 apparet
1177 2611 1308 2674 totauia
1321 2630 1426 2677 errare

309 2723 403 2807 Pape,
438 2723 531 2786 cuius
565 2722 598 2784 in
633 2720 737 2785 lexico
772 2721 850 2784 haec
884 2720 1050 2805 leguntur:
1082 2722 1182 2807 uulgo
1211 2719 1426 2800 diruendum

311 2841 494 2921 contemptu
516 2840 547 2901 et
570 2836 762 2900 contumelia
785 2836 911 2900 dicitur.

355 2949 418 3028 Qui
436 2952 598 3015 maximus
618 2953 666 3014 est
684 2954 763 3014 natu
780 2950 896 3014 dicitur
909 2931 1120 3035 σρεσβόσωσσς,
1133 2971 1293 3037 saepeque
1305 2957 1426 3021 maiore

309 3085 385 3151 prae
416 3066 528 3130 ceteris
556 3065 675 3149 gaudet
705 3064 866 3148 dignitate.
895 3064 1060 3130 Translata
1083 3070 1131 3131 est
1152 3067 1249 3132 huius
1274 3069 1426 3135 uocabuli

310 3182 361 3246 uis
392 3181 421 3264 4,
445 3179 496 3262 61,
520 3179 538 3242 6
563 3177 640 3256 μηδὲ
662 3177 748 3242 τοῦτό
769 3201 813 3250 τις
836 3176 1038 3260 σρεσβόσκτσν
1060 3175 1121 3253 ἥκει
1145 3178 1251 3266 κρόνως,
1275 3182 1329 3246 cfr.
1342 3183 1424 3250 .Liu.

313 3296 341 3379 1,
366 3295 416 3359 32.
439 3292 528 3357 Nihil
550 3293 716 3377 antiquius
739 3292 848 3358 habeo.

356 3407 548 3492 Quicunque
577 3407 641 3472 eibi
670 3408 814 3472 nondum
845 3412 922 3474 sunt
943 3410 1024 3473 cocti
1048 3409 1200 3476 dicuntur
1222 3413 1323 3497 crudi,
1346 3413 1425 3493 ὠμοί.

310 3523 475 3589 Naturalis
506 3526 537 3587 et
565 3522 749 3606 principalis
781 3521 872 3586 uerbi
895 3521 1083 3607 significatio
1105 3525 1204 3608 igitur
1225 3527 1364 3610 pertinet
1385 3529 1426 3593 ad

310 3638 410 3722 cibos,
430 3638 486 3721 qui
508 3634 692 3700 hominibus
716 3635 756 3699 ad
779 3637 975 3701 uescendum
999 3638 1143 3702 nondum
1167 3643 1242 3703 sunt
1265 3642 1339 3725 apti.
1357 3640 1426 3706 Iam

308 3754 394 3838 apud
415 3751 592 3816 Homerum
617 3751 781 3815 translatio
805 3753 959 3816 occurrit:
985 3749 1044 3816 Od.
1070 3753 1120 3837 15,
1145 3754 1207 3815 351
1232 3753 1309 3831 ὠμόν
1332 3761 1426 3836 palpare

308 3872 456 3934 senectus
479 3871 687 3952 praematura.
711 3865 808 3951 Apud
831 3865 1048 3949 Thucydidem
1071 3865 1136 3945 ὠμόν
1160 3864 1264 3940 στόσις
1286 3871 1315 3954 3,
1338 3872 1423 3956 82,1

309 3988 340 4047 et
365 3984 393 4066 3,
418 3981 470 4065 36,
492 3983 514 4044 4
538 3980 614 4058 ὠμὸν
638 3977 794 4058 βσόλενμκ
815 3980 943 4066 legitur.

350 4097 481 4162 Praeter
503 4099 650 4180 parentes
671 4094 854 4179 liberosque
877 4101 952 4161 sunt
976 4098 1071 4162 etiam
1094 4097 1149 4161 ah'i
1171 4098 1205 4161 in
1224 4097 1354 4183 familia,
1367 4102 1426 4184 qui

341 4343 367 4410 1)
383 4343 433 4398 cfr.
451 4343 535 4411 Equit.
553 4341 700 4412 256,1258.
718 4343 808 4396 Them.
826 4341 882 4395 llo.
