<?xml version="1.0" encoding="UTF-8"?>
<!DOCTYPE html PUBLIC "-//W3C//DTD XHTML 1.0 Transitional//EN"
    "http://www.w3.org/TR/xhtml1/DTD/xhtml1-transitional.dtd">
<html xmlns="http://www.w3.org/1999/xhtml" xml:lang="en" lang="en">
 <head>
  <title>
</title>
<meta http-equiv="Content-Type" content="text/html;charset=utf-8" />
  <meta name='ocr-system' content='tesseract 3.04.00' />
  <meta name='ocr-capabilities' content='ocr_page ocr_carea ocr_par ocr_line ocrx_word'/>
</head>
<body>
  <div class='ocr_page' id='page_1' title='image "./detranslationib00corsgoog_0150.png"; bbox 0 0 3098 4980; ppageno 0'>
   <div class='ocr_carea' id='block_1_1' title="bbox 669 521 730 583">
    <p class='ocr_par' dir='ltr' id='par_1_1' title="bbox 669 521 730 583">
     <span class='ocr_line' id='line_1_1' title="bbox 669 521 730 583; baseline -0.033 0"><span class='ocrx_word' id='word_1_1' title='bbox 669 521 730 583; x_wconf 88' lang='lat'>131</span> 
     </span>
    </p>
   </div>
   <div class='ocr_carea' id='block_1_2' title="bbox 138 704 1250 1018">
    <p class='ocr_par' dir='ltr' id='par_1_2' title="bbox 138 704 1250 1018">
     <span class='ocr_line' id='line_1_2' title="bbox 138 704 1250 792; baseline -0.004 -19"><span class='ocrx_word' id='word_1_2' title='bbox 138 709 338 775; x_wconf 80' lang='lat' dir='ltr'><strong>Transfertur</strong></span> <span class='ocrx_word' id='word_1_3' title='bbox 371 706 456 792; x_wconf 86' lang='lat' dir='ltr'>apud</span> <span class='ocrx_word' id='word_1_4' title='bbox 488 706 705 787; x_wconf 80' lang='lat' dir='ltr'><strong>Thucydidem</strong></span> <span class='ocrx_word' id='word_1_5' title='bbox 738 709 768 789; x_wconf 83' lang='lat'>4,</span> <span class='ocrx_word' id='word_1_6' title='bbox 799 705 851 788; x_wconf 86' lang='lat'>63,</span> <span class='ocrx_word' id='word_1_7' title='bbox 883 706 900 768; x_wconf 91' lang='grc'>1</span> <span class='ocrx_word' id='word_1_8' title='bbox 932 704 981 769; x_wconf 76' lang='lat' dir='ltr'>aa</span> <span class='ocrx_word' id='word_1_9' title='bbox 1010 705 1042 769; x_wconf 81' lang='grc' dir='ltr'>τὸ</span> <span class='ocrx_word' id='word_1_10' title='bbox 1066 704 1250 786; x_wconf 75' lang='grc' dir='ltr'>ἀτέκμαρτον</span> 
     </span>
     <span class='ocr_line' id='line_1_3' title="bbox 139 821 441 906; baseline -0.007 -20"><span class='ocrx_word' id='word_1_11' title='bbox 139 821 208 894; x_wconf 78' lang='grc' dir='ltr'><em>δέος.</em></span> <span class='ocrx_word' id='word_1_12' title='bbox 234 821 287 888; x_wconf 85' lang='lat' dir='ltr'>Sic</span> <span class='ocrx_word' id='word_1_13' title='bbox 306 823 441 906; x_wconf 86' lang='lat' dir='ltr'>saepius.</span> 
     </span>
     <span class='ocr_line' id='line_1_4' title="bbox 182 929 1250 1018; baseline -0.006 -18"><span class='ocrx_word' id='word_1_14' title='bbox 182 935 256 1000; x_wconf 92' lang='lat' dir='ltr'>Huc</span> <span class='ocrx_word' id='word_1_15' title='bbox 288 936 445 1018; x_wconf 88' lang='lat' dir='ltr'>pertinere</span> <span class='ocrx_word' id='word_1_16' title='bbox 480 933 607 998; x_wconf 87' lang='lat' dir='ltr'>uidetur</span> <span class='ocrx_word' id='word_1_17' title='bbox 637 934 666 1014; x_wconf 84' lang='lat'>8,</span> <span class='ocrx_word' id='word_1_18' title='bbox 700 934 728 1015; x_wconf 92' lang='lat' dir='ltr'>l,</span> <span class='ocrx_word' id='word_1_19' title='bbox 760 934 777 995; x_wconf 94' lang='lat' dir='ltr'>l</span> <span class='ocrx_word' id='word_1_20' title='bbox 810 931 859 996; x_wconf 76' lang='lat' dir='ltr'>acl</span> <span class='ocrx_word' id='word_1_21' title='bbox 889 929 984 996; x_wconf 77' lang='grc' dir='ltr'>ὁπόσοι</span> <span class='ocrx_word' id='word_1_22' title='bbox 1008 956 1036 995; x_wconf 75' lang='grc' dir='ltr'>τι</span> <span class='ocrx_word' id='word_1_23' title='bbox 1058 932 1123 996; x_wconf 75' lang='grc' dir='ltr'>τότε</span> <span class='ocrx_word' id='word_1_24' title='bbox 1146 931 1250 1004; x_wconf 77' lang='grc' dir='ltr'>αὐτοὺς</span> 
     </span>
    </p>
   </div>
   <div class='ocr_carea' id='block_1_3' title="bbox 139 1038 1359 1132">
    <p class='ocr_par' dir='ltr' id='par_1_3' title="bbox 139 1038 1359 1132">
     <span class='ocr_line' id='line_1_5' title="bbox 139 1038 1359 1132; baseline -0.002 -19"><span class='ocrx_word' id='word_1_25' title='bbox 139 1048 302 1121; x_wconf 74' lang='grc' dir='ltr'>θειιίσιιντες</span> <span class='ocrx_word' id='word_1_26' title='bbox 331 1046 498 1122; x_wconf 60' lang='lat' dir='ltr'>lanariaco</span> <span class='ocrx_word' id='word_1_27' title='bbox 529 1038 889 1132; x_wconf 73' lang='grc'><strong>11111111111111111</strong></span> <span class='ocrx_word' id='word_1_28' title='bbox 914 1049 1033 1113; x_wconf 87' lang='lat' dir='ltr'>diuinis</span> <span class='ocrx_word' id='word_1_29' title='bbox 1058 1048 1251 1132; x_wconf 86' lang='lat' dir='ltr'>quibusdam</span> <span class='ocrx_word' id='word_1_30' title='bbox 1356 1047 1359 1051; x_wconf 70' lang='grc'><em>’</em></span> 
     </span>
    </p>
   </div>
   <div class='ocr_carea' id='block_1_4' title="bbox 81 1159 1253 3063">
    <p class='ocr_par' dir='ltr' id='par_1_4' title="bbox 137 1159 1253 1468">
     <span class='ocr_line' id='line_1_6' title="bbox 138 1159 1253 1246; baseline -0.001 -20"><span class='ocrx_word' id='word_1_31' title='bbox 138 1181 225 1246; x_wconf 89' lang='lat' dir='ltr'>spem</span> <span class='ocrx_word' id='word_1_32' title='bbox 267 1161 393 1226; x_wconf 80' lang='lat' dir='ltr'>Siciliae</span> <span class='ocrx_word' id='word_1_33' title='bbox 435 1162 630 1246; x_wconf 80' lang='lat' dir='ltr'>subigendae</span> <span class='ocrx_word' id='word_1_34' title='bbox 663 1161 809 1226; x_wconf 86' lang='lat' dir='ltr'>fecerant</span> <span class='ocrx_word' id='word_1_35' title='bbox 845 1160 890 1226; x_wconf 92' lang='lat' dir='ltr'>Hi</span> <span class='ocrx_word' id='word_1_36' title='bbox 921 1159 1095 1244; x_wconf 69' lang='grc' dir='ltr'>θειάσιιντες,</span> <span class='ocrx_word' id='word_1_37' title='bbox 1128 1163 1184 1245; x_wconf 91' lang='lat' dir='ltr'>qui</span> <span class='ocrx_word' id='word_1_38' title='bbox 1216 1167 1253 1225; x_wconf 90' lang='lat' dir='ltr'>ut</span> 
     </span>
     <span class='ocr_line' id='line_1_7' title="bbox 138 1274 1251 1360; baseline -0.002 -20"><span class='ocrx_word' id='word_1_39' title='bbox 138 1279 228 1340; x_wconf 86' lang='lat' dir='ltr'>uates</span> <span class='ocrx_word' id='word_1_40' title='bbox 257 1294 345 1360; x_wconf 89' lang='lat' dir='ltr'>spem</span> <span class='ocrx_word' id='word_1_41' title='bbox 377 1276 528 1340; x_wconf 91' lang='lat' dir='ltr'>dederant</span> <span class='ocrx_word' id='word_1_42' title='bbox 558 1274 625 1339; x_wconf 90' lang='lat' dir='ltr'>fore</span> <span class='ocrx_word' id='word_1_43' title='bbox 647 1280 683 1339; x_wconf 89' lang='lat' dir='ltr'>ut</span> <span class='ocrx_word' id='word_1_44' title='bbox 705 1274 813 1339; x_wconf 82' lang='lat' dir='ltr'>Sicilie</span> <span class='ocrx_word' id='word_1_45' title='bbox 836 1277 1024 1360; x_wconf 83' lang='lat' dir='ltr'>potirentur,</span> <span class='ocrx_word' id='word_1_46' title='bbox 1047 1281 1251 1360; x_wconf 92' lang='lat' dir='ltr'>opponuntur</span> 
     </span>
     <span class='ocr_line' id='line_1_8' title="bbox 137 1386 665 1468; baseline -0.006 -16"><span class='ocrx_word' id='word_1_47' title='bbox 137 1389 201 1454; x_wconf 85' lang='lat' dir='ltr'>illis</span> <span class='ocrx_word' id='word_1_48' title='bbox 223 1387 440 1468; x_wconf 75' lang='grc' dir='ltr'>χρησμολόγοις</span> <span class='ocrx_word' id='word_1_49' title='bbox 464 1394 494 1454; x_wconf 84' lang='grc'>11</span> <span class='ocrx_word' id='word_1_50' title='bbox 517 1386 665 1465; x_wconf 63' lang='grc' dir='ltr'>μάντεσιν.</span> 
     </span>
    </p>

    <p class='ocr_par' dir='ltr' id='par_1_5' title="bbox 135 1501 1252 2475">
     <span class='ocr_line' id='line_1_9' title="bbox 179 1501 1250 1590; baseline -0.001 -23"><span class='ocrx_word' id='word_1_51' title='bbox 179 1502 293 1590; x_wconf 84' lang='lat' dir='ltr'>Neque</span> <span class='ocrx_word' id='word_1_52' title='bbox 326 1503 590 1588; x_wconf 87' lang='lat' dir='ltr'>praetereundum</span> <span class='ocrx_word' id='word_1_53' title='bbox 627 1504 822 1568; x_wconf 86' lang='lat' dir='ltr'>uocabulum</span> <span class='ocrx_word' id='word_1_54' title='bbox 856 1501 1063 1585; x_wconf 65' lang='lat' dir='ltr'>toletanae,</span> <span class='ocrx_word' id='word_1_55' title='bbox 1099 1502 1250 1584; x_wconf 83' lang='lat' dir='ltr'>(Hesych.</span> 
     </span>
     <span class='ocr_line' id='line_1_10' title="bbox 135 1613 1249 1702; baseline -0.003 -22"><span class='ocrx_word' id='word_1_56' title='bbox 135 1618 366 1702; x_wconf 45' lang='lat' dir='ltr'>interpretatur,</span> <span class='ocrx_word' id='word_1_57' title='bbox 392 1616 542 1697; x_wconf 79' lang='grc' dir='ltr'>οἰώνισμα)</span> <span class='ocrx_word' id='word_1_58' title='bbox 575 1617 661 1701; x_wconf 92' lang='lat' dir='ltr'>quod</span> <span class='ocrx_word' id='word_1_59' title='bbox 695 1617 811 1700; x_wconf 85' lang='lat' dir='ltr'>legitur</span> <span class='ocrx_word' id='word_1_60' title='bbox 848 1617 876 1698; x_wconf 81' lang='grc'>7,</span> <span class='ocrx_word' id='word_1_61' title='bbox 898 1617 992 1699; x_wconf 80' lang='grc'>75,7</span> <span class='ocrx_word' id='word_1_62' title='bbox 1028 1613 1119 1679; x_wconf 67' lang='grc' dir='ltr'>πάλιν</span> <span class='ocrx_word' id='word_1_63' title='bbox 1142 1614 1249 1680; x_wconf 79' lang='grc' dir='ltr'>τούτων</span> 
     </span>
     <span class='ocr_line' id='line_1_11' title="bbox 136 1687 1251 1812; baseline 0.002 -21"><span class='ocrx_word' id='word_1_64' title='bbox 136 1733 193 1800; x_wconf 78' lang='grc' dir='ltr'>τοῖς</span> <span class='ocrx_word' id='word_1_65' title='bbox 225 1687 365 1800; x_wconf 41' lang='lat' dir='ltr'>{venial</span> <span class='ocrx_word' id='word_1_66' title='bbox 394 1727 634 1809; x_wconf 64' lang='lat' dir='ltr'>insequimur</span> <span class='ocrx_word' id='word_1_67' title='bbox 667 1729 868 1812; x_wconf 70' lang='grc' dir='ltr'>ἀφορμᾶσθαι,</span> <span class='ocrx_word' id='word_1_68' title='bbox 902 1748 1016 1794; x_wconf 88' lang='lat' dir='ltr'>rursus</span> <span class='ocrx_word' id='word_1_69' title='bbox 1039 1749 1113 1794; x_wconf 93' lang='lat' dir='ltr'>cum</span> <span class='ocrx_word' id='word_1_70' title='bbox 1136 1731 1251 1793; x_wconf 89' lang='lat' dir='ltr'>ominis</span> 
     </span>
     <span class='ocr_line' id='line_1_12' title="bbox 137 1842 1252 1927; baseline 0 -21"><span class='ocrx_word' id='word_1_71' title='bbox 137 1842 212 1906; x_wconf 89' lang='lat' dir='ltr'>mali</span> <span class='ocrx_word' id='word_1_72' title='bbox 230 1843 374 1925; x_wconf 89' lang='lat' dir='ltr'>uocibus,</span> <span class='ocrx_word' id='word_1_73' title='bbox 394 1861 475 1925; x_wconf 90' lang='lat' dir='ltr'>quae</span> <span class='ocrx_word' id='word_1_74' title='bbox 494 1843 544 1906; x_wconf 89' lang='lat' dir='ltr'>his</span> <span class='ocrx_word' id='word_1_75' title='bbox 567 1843 635 1922; x_wconf 87' lang='grc'><strong>(1.1.</strong></span> <span class='ocrx_word' id='word_1_76' title='bbox 660 1843 744 1907; x_wconf 87' lang='lat' dir='ltr'>uotis</span> <span class='ocrx_word' id='word_1_77' title='bbox 767 1843 922 1927; x_wconf 87' lang='lat' dir='ltr'>laetisque</span> <span class='ocrx_word' id='word_1_78' title='bbox 945 1842 1141 1907; x_wconf 81' lang='lat' dir='ltr'>carminibus</span> <span class='ocrx_word' id='word_1_79' title='bbox 1160 1843 1252 1922; x_wconf 78' lang='grc' dir='ltr'><em>εὐχῆς</em></span> 
     </span>
     <span class='ocr_line' id='line_1_13' title="bbox 135 1952 1251 2039; baseline 0.001 -20"><span class='ocrx_word' id='word_1_80' title='bbox 135 1979 168 2019; x_wconf 82' lang='grc' dir='ltr'>τε</span> <span class='ocrx_word' id='word_1_81' title='bbox 198 1953 249 2019; x_wconf 74' lang='grc' dir='ltr'>καὶ</span> <span class='ocrx_word' id='word_1_82' title='bbox 279 1952 420 2037; x_wconf 75' lang='grc' dir='ltr'>νιαιιένων)</span> <span class='ocrx_word' id='word_1_83' title='bbox 450 1961 539 2020; x_wconf 86' lang='grc'><strong>11111</strong></span> <span class='ocrx_word' id='word_1_84' title='bbox 569 1957 752 2039; x_wconf 89' lang='lat' dir='ltr'>contrariae,</span> <span class='ocrx_word' id='word_1_85' title='bbox 784 1956 952 2022; x_wconf 83' lang='lat' dir='ltr'>discedere.</span> <span class='ocrx_word' id='word_1_86' title='bbox 985 1955 1153 2022; x_wconf 83' lang='lat' dir='ltr'>Soluerant</span> <span class='ocrx_word' id='word_1_87' title='bbox 1176 1958 1251 2021; x_wconf 91' lang='lat' dir='ltr'>olim</span> 
     </span>
     <span class='ocr_line' id='line_1_14' title="bbox 135 2069 1251 2154; baseline 0.002 -23"><span class='ocrx_word' id='word_1_88' title='bbox 135 2069 234 2135; x_wconf 84' lang='lat' dir='ltr'>laetos</span> <span class='ocrx_word' id='word_1_89' title='bbox 264 2069 409 2134; x_wconf 86' lang='lat' dir='ltr'>tollentes</span> <span class='ocrx_word' id='word_1_90' title='bbox 440 2069 601 2152; x_wconf 72' lang='lat' dir='ltr'>clamoren,</span> <span class='ocrx_word' id='word_1_91' title='bbox 632 2070 688 2152; x_wconf 93' lang='lat' dir='ltr'>qui</span> <span class='ocrx_word' id='word_1_92' title='bbox 712 2069 833 2135; x_wconf 92' lang='lat' dir='ltr'>bonum</span> <span class='ocrx_word' id='word_1_93' title='bbox 858 2069 1047 2154; x_wconf 72' lang='lat' dir='ltr'>felicemque</span> <span class='ocrx_word' id='word_1_94' title='bbox 1072 2072 1251 2136; x_wconf 81' lang='grc'><strong>111111111-</strong></span> 
     </span>
     <span class='ocr_line' id='line_1_15' title="bbox 137 2182 1250 2269; baseline 0.001 -22"><span class='ocrx_word' id='word_1_95' title='bbox 137 2187 190 2247; x_wconf 88' lang='lat' dir='ltr'>tur</span> <span class='ocrx_word' id='word_1_96' title='bbox 220 2186 385 2264; x_wconf 86' lang='lat' dir='ltr'>euentum;</span> <span class='ocrx_word' id='word_1_97' title='bbox 420 2202 508 2246; x_wconf 93' lang='lat' dir='ltr'>nunc</span> <span class='ocrx_word' id='word_1_98' title='bbox 530 2182 657 2246; x_wconf 86' lang='lat' dir='ltr'>fortuna</span> <span class='ocrx_word' id='word_1_99' title='bbox 681 2188 801 2248; x_wconf 88' lang='lat' dir='ltr'>mutata</span> <span class='ocrx_word' id='word_1_100' title='bbox 823 2184 926 2248; x_wconf 93' lang='lat' dir='ltr'>redire</span> <span class='ocrx_word' id='word_1_101' title='bbox 949 2189 1109 2269; x_wconf 84' lang='lat' dir='ltr'>coguntur</span> <span class='ocrx_word' id='word_1_102' title='bbox 1131 2186 1250 2248; x_wconf 88' lang='lat' dir='ltr'>omnia-</span> 
     </span>
     <span class='ocr_line' id='line_1_16' title="bbox 137 2296 1247 2382; baseline -0.001 -21"><span class='ocrx_word' id='word_1_103' title='bbox 137 2315 201 2382; x_wconf 91' lang='lat' dir='ltr'>que</span> <span class='ocrx_word' id='word_1_104' title='bbox 229 2296 375 2362; x_wconf 88' lang='lat' dir='ltr'>tristibus</span> <span class='ocrx_word' id='word_1_105' title='bbox 405 2296 539 2361; x_wconf 89' lang='lat' dir='ltr'>uocibus</span> <span class='ocrx_word' id='word_1_106' title='bbox 563 2298 722 2381; x_wconf 92' lang='lat' dir='ltr'>complent</span> <span class='ocrx_word' id='word_1_107' title='bbox 744 2317 809 2361; x_wconf 94' lang='lat' dir='ltr'>non</span> <span class='ocrx_word' id='word_1_108' title='bbox 830 2298 898 2362; x_wconf 88' lang='lat' dir='ltr'>sine</span> <span class='ocrx_word' id='word_1_109' title='bbox 921 2299 1083 2382; x_wconf 85' lang='lat' dir='ltr'>praesagio</span> <span class='ocrx_word' id='word_1_110' title='bbox 1108 2298 1247 2382; x_wconf 89' lang='lat' dir='ltr'>quodam</span> 
     </span>
     <span class='ocr_line' id='line_1_17' title="bbox 137 2410 425 2475; baseline 0.003 -1"><span class='ocrx_word' id='word_1_111' title='bbox 137 2410 195 2475; x_wconf 87' lang='lat' dir='ltr'>fati</span> <span class='ocrx_word' id='word_1_112' title='bbox 216 2411 425 2475; x_wconf 86' lang='lat' dir='ltr'>imminentis</span> 
     </span>
    </p>

    <p class='ocr_par' dir='ltr' id='par_1_6' title="bbox 81 2521 1253 3063">
     <span class='ocr_line' id='line_1_18' title="bbox 180 2521 1251 2609; baseline 0 -21"><span class='ocrx_word' id='word_1_113' title='bbox 180 2521 285 2588; x_wconf 83' lang='lat' dir='ltr'>Sensu</span> <span class='ocrx_word' id='word_1_114' title='bbox 307 2526 434 2609; x_wconf 90' lang='lat' dir='ltr'>proprio</span> <span class='ocrx_word' id='word_1_115' title='bbox 458 2543 537 2589; x_wconf 91' lang='lat' dir='ltr'>uoce</span> <span class='ocrx_word' id='word_1_116' title='bbox 558 2522 700 2604; x_wconf 68' lang='lat' dir='ltr'>inexcepta</span> <span class='ocrx_word' id='word_1_117' title='bbox 718 2523 901 2588; x_wconf 82' lang='lat' dir='ltr'>indicantur</span> <span class='ocrx_word' id='word_1_118' title='bbox 920 2525 1062 2589; x_wconf 83' lang='lat' dir='ltr'>indutiae</span> <span class='ocrx_word' id='word_1_119' title='bbox 1082 2525 1251 2608; x_wconf 86' lang='lat' dir='ltr'>sollennes,</span> 
     </span>
     <span class='ocr_line' id='line_1_19' title="bbox 81 2638 1252 2723; baseline 0.002 -22"><span class='ocrx_word' id='word_1_120' title='bbox 81 2655 84 2660; x_wconf 87' lang='lat'>·</span> <span class='ocrx_word' id='word_1_121' title='bbox 138 2657 221 2722; x_wconf 93' lang='lat' dir='ltr'>quae</span> <span class='ocrx_word' id='word_1_122' title='bbox 249 2638 351 2704; x_wconf 89' lang='lat' dir='ltr'>mensi</span> <span class='ocrx_word' id='word_1_123' title='bbox 382 2657 471 2702; x_wconf 86' lang='lat' dir='ltr'>sacro</span> <span class='ocrx_word' id='word_1_124' title='bbox 494 2658 513 2701; x_wconf 89' lang='lat' dir='ltr'>a</span> <span class='ocrx_word' id='word_1_125' title='bbox 536 2657 689 2722; x_wconf 90' lang='lat' dir='ltr'>praecone</span> <span class='ocrx_word' id='word_1_126' title='bbox 713 2639 999 2723; x_wconf 83' lang='lat' dir='ltr'>promulgabantur</span> <span class='ocrx_word' id='word_1_127' title='bbox 1021 2638 1089 2702; x_wconf 92' lang='lat' dir='ltr'>ludi</span> <span class='ocrx_word' id='word_1_128' title='bbox 1113 2645 1149 2703; x_wconf 89' lang='lat' dir='ltr'>ut</span> <span class='ocrx_word' id='word_1_129' title='bbox 1173 2641 1252 2704; x_wconf 83' lang='lat' dir='ltr'>cele</span> 
     </span>
     <span class='ocr_line' id='line_1_20' title="bbox 137 2748 1251 2834; baseline 0.003 -21"><span class='ocrx_word' id='word_1_130' title='bbox 137 2748 314 2814; x_wconf 88' lang='lat' dir='ltr'>brarentur.</span> <span class='ocrx_word' id='word_1_131' title='bbox 336 2749 577 2833; x_wconf 86' lang='lat' dir='ltr'>Nonnunquam</span> <span class='ocrx_word' id='word_1_132' title='bbox 600 2753 695 2815; x_wconf 90' lang='lat' dir='ltr'>etiam</span> <span class='ocrx_word' id='word_1_133' title='bbox 718 2753 852 2834; x_wconf 91' lang='lat' dir='ltr'>quaeuis</span> <span class='ocrx_word' id='word_1_134' title='bbox 874 2751 1016 2816; x_wconf 90' lang='lat' dir='ltr'>indutiae</span> <span class='ocrx_word' id='word_1_135' title='bbox 1039 2752 1073 2815; x_wconf 93' lang='lat' dir='ltr'>in</span> <span class='ocrx_word' id='word_1_136' title='bbox 1091 2753 1150 2815; x_wconf 88' lang='lat' dir='ltr'>hac</span> <span class='ocrx_word' id='word_1_137' title='bbox 1169 2771 1251 2817; x_wconf 92' lang='lat' dir='ltr'>uoce</span> 
     </span>
     <span class='ocr_line' id='line_1_21' title="bbox 137 2862 1252 2948; baseline 0.002 -22"><span class='ocrx_word' id='word_1_138' title='bbox 137 2864 374 2948; x_wconf 86' lang='lat' dir='ltr'>intelleguntur.</span> <span class='ocrx_word' id='word_1_139' title='bbox 410 2862 470 2927; x_wconf 83' lang='lat' dir='ltr'>cfr.</span> <span class='ocrx_word' id='word_1_140' title='bbox 503 2866 531 2946; x_wconf 87' lang='lat'>5,</span> <span class='ocrx_word' id='word_1_141' title='bbox 566 2865 593 2947; x_wconf 93' lang='lat' dir='ltr'>l,</span> <span class='ocrx_word' id='word_1_142' title='bbox 626 2866 662 2944; x_wconf 78' lang='lat'>13</span> <span class='ocrx_word' id='word_1_143' title='bbox 693 2866 722 2941; x_wconf 76' lang='lat'>4,</span> <span class='ocrx_word' id='word_1_144' title='bbox 754 2865 826 2946; x_wconf 82' lang='grc'><strong>117,</strong></span> <span class='ocrx_word' id='word_1_145' title='bbox 852 2866 869 2927; x_wconf 95' lang='lat' dir='ltr'>l</span> <span class='ocrx_word' id='word_1_146' title='bbox 900 2862 1057 2943; x_wconf 69' lang='grc' dir='ltr'>ἐκεχειρίαν</span> <span class='ocrx_word' id='word_1_147' title='bbox 1080 2863 1252 2937; x_wconf 72' lang='grc' dir='ltr'>ἐποιήσαντο</span> 
     </span>
     <span class='ocr_line' id='line_1_22' title="bbox 136 2972 1253 3063; baseline 0.004 -25"><span class='ocrx_word' id='word_1_148' title='bbox 136 2974 274 3041; x_wconf 80' lang='grc' dir='ltr'>ἐνιαύσιον</span> <span class='ocrx_word' id='word_1_149' title='bbox 297 2978 406 3043; x_wconf 86' lang='lat' dir='ltr'>eadem</span> <span class='ocrx_word' id='word_1_150' title='bbox 429 2972 594 3043; x_wconf 80' lang='lat' dir='ltr'>tlanslatio</span> <span class='ocrx_word' id='word_1_151' title='bbox 619 2980 649 3059; x_wconf 87' lang='lat' dir='ltr'>b,</span> <span class='ocrx_word' id='word_1_152' title='bbox 673 2978 725 3061; x_wconf 79' lang='lat'>49,</span> <span class='ocrx_word' id='word_1_153' title='bbox 750 2979 1253 3063; x_wconf 70' lang='grc'><strong>3,5,1,111111111111111111.</strong></span> 
     </span>
    </p>
   </div>
   <div class='ocr_carea' id='block_1_5' title="bbox 601 3215 792 3224">
    <p class='ocr_par' dir='ltr' id='par_1_7' title="bbox 601 3215 792 3224">
     <span class='ocr_line' id='line_1_23' title="bbox 601 3215 792 3224; baseline 0.005 -1"><span class='ocrx_word' id='word_1_154' title='bbox 601 3215 792 3224; x_wconf 70' lang='lat'>—-—--—-</span> 
     </span>
    </p>
   </div>
   <div class='ocr_carea' id='block_1_6' title="bbox 138 3380 1255 3813">
    <p class='ocr_par' dir='ltr' id='par_1_8' title="bbox 138 3380 1255 3813">
     <span class='ocr_line' id='line_1_24' title="bbox 183 3380 1252 3469; baseline 0.002 -21"><span class='ocrx_word' id='word_1_155' title='bbox 183 3380 272 3450; x_wconf 87' lang='lat' dir='ltr'>Haec</span> <span class='ocrx_word' id='word_1_156' title='bbox 302 3389 391 3448; x_wconf 87' lang='lat' dir='ltr'>erant</span> <span class='ocrx_word' id='word_1_157' title='bbox 422 3402 503 3468; x_wconf 87' lang='lat' dir='ltr'>quae</span> <span class='ocrx_word' id='word_1_158' title='bbox 534 3382 760 3447; x_wconf 87' lang='lat' dir='ltr'>adnotaueram</span> <span class='ocrx_word' id='word_1_159' title='bbox 788 3382 826 3447; x_wconf 92' lang='lat' dir='ltr'>de</span> <span class='ocrx_word' id='word_1_160' title='bbox 849 3384 1110 3450; x_wconf 82' lang='lat' dir='ltr'>translationibus</span> <span class='ocrx_word' id='word_1_161' title='bbox 1134 3385 1252 3469; x_wconf 89' lang='lat' dir='ltr'>quibus</span> 
     </span>
     <span class='ocr_line' id='line_1_25' title="bbox 140 3495 1254 3582; baseline 0 -20"><span class='ocrx_word' id='word_1_162' title='bbox 140 3517 220 3563; x_wconf 85' lang='lat' dir='ltr'>usus</span> <span class='ocrx_word' id='word_1_163' title='bbox 248 3503 297 3565; x_wconf 89' lang='lat' dir='ltr'>est</span> <span class='ocrx_word' id='word_1_164' title='bbox 320 3497 529 3579; x_wconf 80' lang='lat' dir='ltr'>Thucydides.</span> <span class='ocrx_word' id='word_1_165' title='bbox 552 3495 661 3562; x_wconf 88' lang='lat' dir='ltr'>Huius</span> <span class='ocrx_word' id='word_1_166' title='bbox 684 3495 783 3561; x_wconf 89' lang='lat' dir='ltr'>libelli</span> <span class='ocrx_word' id='word_1_167' title='bbox 805 3498 1027 3563; x_wconf 88' lang='lat' dir='ltr'>conscribendi</span> <span class='ocrx_word' id='word_1_168' title='bbox 1053 3518 1134 3582; x_wconf 85' lang='lat' dir='ltr'>quae</span> <span class='ocrx_word' id='word_1_169' title='bbox 1157 3499 1254 3563; x_wconf 89' lang='lat' dir='ltr'>fuerit</span> 
     </span>
     <span class='ocr_line' id='line_1_26' title="bbox 138 3613 1255 3709; baseline 0 -31"><span class='ocrx_word' id='word_1_170' title='bbox 138 3615 218 3678; x_wconf 87' lang='lat' dir='ltr'>ratio</span> <span class='ocrx_word' id='word_1_171' title='bbox 252 3613 394 3699; x_wconf 91' lang='lat' dir='ltr'>quidque</span> <span class='ocrx_word' id='word_1_172' title='bbox 428 3615 488 3677; x_wconf 88' lang='lat' dir='ltr'>sim</span> <span class='ocrx_word' id='word_1_173' title='bbox 519 3618 649 3677; x_wconf 88' lang='lat' dir='ltr'>secutus</span> <span class='ocrx_word' id='word_1_174' title='bbox 680 3613 814 3696; x_wconf 85' lang='lat' dir='ltr'>cogitata</span> <span class='ocrx_word' id='word_1_175' title='bbox 838 3631 907 3677; x_wconf 86' lang='lat' dir='ltr'>mea</span> <span class='ocrx_word' id='word_1_176' title='bbox 930 3613 1044 3679; x_wconf 87' lang='lat' dir='ltr'>litteris</span> <span class='ocrx_word' id='word_1_177' title='bbox 1068 3634 1148 3679; x_wconf 90' lang='lat' dir='ltr'>cum</span> <span class='ocrx_word' id='word_1_178' title='bbox 1166 3635 1255 3709; x_wconf 84' lang='lat' dir='ltr'>man-</span> 
     </span>
     <span class='ocr_line' id='line_1_27' title="bbox 140 3727 1254 3813; baseline 0.001 -20"><span class='ocrx_word' id='word_1_179' title='bbox 140 3728 257 3811; x_wconf 88' lang='lat' dir='ltr'>darem,</span> <span class='ocrx_word' id='word_1_180' title='bbox 298 3747 339 3793; x_wconf 78' lang='grc'>11</span> <span class='ocrx_word' id='word_1_181' title='bbox 378 3728 418 3792; x_wconf 91' lang='lat' dir='ltr'>iis</span> <span class='ocrx_word' id='word_1_182' title='bbox 459 3731 544 3813; x_wconf 84' lang='lat' dir='ltr'>patet</span> <span class='ocrx_word' id='word_1_183' title='bbox 584 3745 665 3810; x_wconf 87' lang='lat' dir='ltr'>quae</span> <span class='ocrx_word' id='word_1_184' title='bbox 699 3746 772 3791; x_wconf 89' lang='lat' dir='ltr'>sum</span> <span class='ocrx_word' id='word_1_185' title='bbox 805 3727 973 3812; x_wconf 88' lang='lat' dir='ltr'>praefatus.</span> <span class='ocrx_word' id='word_1_186' title='bbox 1008 3727 1254 3813; x_wconf 89' lang='lat' dir='ltr'>Propositumne</span> 
     </span>
    </p>
   </div>
   <div class='ocr_carea' id='block_1_7' title="bbox 140 3839 1254 4269">
    <p class='ocr_par' dir='ltr' id='par_1_9' title="bbox 140 3839 1254 4269">
     <span class='ocr_line' id='line_1_28' title="bbox 140 3839 1254 3927; baseline -0.002 -19"><span class='ocrx_word' id='word_1_187' title='bbox 140 3844 201 3909; x_wconf 90' lang='lat' dir='ltr'>sim</span> <span class='ocrx_word' id='word_1_188' title='bbox 230 3847 396 3908; x_wconf 89' lang='lat' dir='ltr'>assecutus</span> <span class='ocrx_word' id='word_1_189' title='bbox 417 3842 450 3906; x_wconf 93' lang='lat' dir='ltr'>id</span> <span class='ocrx_word' id='word_1_190' title='bbox 473 3842 609 3906; x_wconf 90' lang='lat' dir='ltr'>aliorum</span> <span class='ocrx_word' id='word_1_191' title='bbox 634 3842 675 3905; x_wconf 90' lang='lat' dir='ltr'>sit</span> <span class='ocrx_word' id='word_1_192' title='bbox 696 3841 859 3906; x_wconf 89' lang='lat' dir='ltr'>iudicium.</span> <span class='ocrx_word' id='word_1_193' title='bbox 885 3839 1006 3918; x_wconf 79' lang='lat' dir='ltr'>Quodsi</span> <span class='ocrx_word' id='word_1_194' title='bbox 1030 3863 1111 3926; x_wconf 84' lang='lat' dir='ltr'>quae</span> <span class='ocrx_word' id='word_1_195' title='bbox 1133 3845 1254 3927; x_wconf 84' lang='lat' dir='ltr'>scripsi,</span> 
     </span>
     <span class='ocr_line' id='line_1_29' title="bbox 140 3955 1252 4040; baseline -0.001 -18"><span class='ocrx_word' id='word_1_196' title='bbox 140 3956 254 4022; x_wconf 84' lang='lat' dir='ltr'>Lector</span> <span class='ocrx_word' id='word_1_197' title='bbox 286 3957 457 4039; x_wconf 89' lang='lat' dir='ltr'>Beneuole,</span> <span class='ocrx_word' id='word_1_198' title='bbox 489 3975 556 4020; x_wconf 90' lang='lat' dir='ltr'>non</span> <span class='ocrx_word' id='word_1_199' title='bbox 586 3974 718 4040; x_wconf 90' lang='lat' dir='ltr'>prorsus</span> <span class='ocrx_word' id='word_1_200' title='bbox 752 3955 810 4019; x_wconf 90' lang='lat' dir='ltr'>tibi</span> <span class='ocrx_word' id='word_1_201' title='bbox 843 3956 1071 4039; x_wconf 84' lang='lat' dir='ltr'>displicuerint,</span> <span class='ocrx_word' id='word_1_202' title='bbox 1105 3957 1252 4040; x_wconf 91' lang='lat' dir='ltr'>equidem</span> 
     </span>
     <span class='ocr_line' id='line_1_30' title="bbox 141 4068 1254 4155; baseline -0.006 -16"><span class='ocrx_word' id='word_1_203' title='bbox 141 4073 329 4139; x_wconf 82' lang='lat' dir='ltr'>existimans</span> <span class='ocrx_word' id='word_1_204' title='bbox 361 4089 411 4135; x_wconf 91' lang='lat' dir='ltr'>me</span> <span class='ocrx_word' id='word_1_205' title='bbox 441 4089 567 4155; x_wconf 89' lang='lat' dir='ltr'>operam</span> <span class='ocrx_word' id='word_1_206' title='bbox 596 4071 630 4132; x_wconf 93' lang='lat' dir='ltr'>in</span> <span class='ocrx_word' id='word_1_207' title='bbox 661 4069 721 4132; x_wconf 90' lang='lat' dir='ltr'>hoc</span> <span class='ocrx_word' id='word_1_208' title='bbox 743 4068 849 4132; x_wconf 88' lang='lat' dir='ltr'>libello</span> <span class='ocrx_word' id='word_1_209' title='bbox 873 4069 1041 4134; x_wconf 89' lang='lat' dir='ltr'>scribendo</span> <span class='ocrx_word' id='word_1_210' title='bbox 1063 4089 1129 4133; x_wconf 91' lang='lat' dir='ltr'>non</span> <span class='ocrx_word' id='word_1_211' title='bbox 1152 4070 1254 4153; x_wconf 89' lang='lat' dir='ltr'>perdi·</span> 
     </span>
     <span class='ocr_line' id='line_1_31' title="bbox 142 4182 1164 4269; baseline -0.005 -19"><span class='ocrx_word' id='word_1_212' title='bbox 142 4186 236 4269; x_wconf 88' lang='lat' dir='ltr'>disse,</span> <span class='ocrx_word' id='word_1_213' title='bbox 259 4184 351 4250; x_wconf 91' lang='lat' dir='ltr'>ualde</span> <span class='ocrx_word' id='word_1_214' title='bbox 373 4185 520 4249; x_wconf 85' lang='lat' dir='ltr'>laetabor.</span> <span class='ocrx_word' id='word_1_215' title='bbox 543 4182 585 4246; x_wconf 82' lang='lat' dir='ltr'>nt</span> <span class='ocrx_word' id='word_1_216' title='bbox 607 4201 703 4264; x_wconf 91' lang='lat' dir='ltr'>nunc,</span> <span class='ocrx_word' id='word_1_217' title='bbox 725 4184 838 4248; x_wconf 85' lang='lat' dir='ltr'>habeat</span> <span class='ocrx_word' id='word_1_218' title='bbox 861 4202 920 4247; x_wconf 90' lang='lat' dir='ltr'>sua</span> <span class='ocrx_word' id='word_1_219' title='bbox 941 4182 1006 4247; x_wconf 87' lang='lat' dir='ltr'>fata</span> <span class='ocrx_word' id='word_1_220' title='bbox 1029 4183 1164 4248; x_wconf 90' lang='lat' dir='ltr'>libellus.</span> 
     </span>
    </p>
   </div>
   <div class='ocr_carea' id='block_1_8' title="bbox 612 4412 808 4423">
    <p class='ocr_par' dir='ltr' id='par_1_10' title="bbox 612 4412 808 4423">
     <span class='ocr_line' id='line_1_32' title="bbox 612 4412 808 4423; baseline 0.015 -3"><span class='ocrx_word' id='word_1_221' title='bbox 612 4412 808 4423; x_wconf 76' lang='lat'>----·—-—-</span> 
     </span>
    </p>
   </div>
   <div class='ocr_carea' id='block_1_9' title="bbox 0 0 1556 4980">
    <p class='ocr_par' dir='ltr' id='par_1_11' title="bbox 0 0 1556 4980">
     <span class='ocr_line' id='line_1_33' title="bbox 0 0 1556 4980; baseline 0 0"><span class='ocrx_word' id='word_1_222' title='bbox 0 0 1556 4980; x_wconf 95' lang='lat' dir='ltr'> </span> 
     </span>
    </p>
   </div>
  </div>
 </body>
</html>
