3038 4980
749 493 792 560 29

199 682 240 747 ad
269 685 370 768 ipsam
403 683 534 748 domum
558 703 622 747 non
645 685 820 768 pertinent;
854 683 1006 748 dicuntur
1029 681 1123 746 δοῦλοι
1145 703 1321 768 eorumque

200 798 339 862 conditio
373 803 422 864 est
451 796 600 862 δουλεύειν.
632 797 751 864 Omnes
774 800 919 863 omnium
948 803 1128 883 temporum
1152 800 1321 882 scriptores

200 933 237 977 ac
270 917 381 998 poetae
416 914 457 978 ad
487 913 690 977 indicandam
722 915 919 998 seruitutem,
952 932 1163 997 quaeeunque
1193 918 1241 977 est
1265 917 1321 977 aut

199 1026 280 1111 fingi
302 1031 414 1112 potest,
436 1028 496 1091 hoc
518 1032 642 1111 praeter
665 1031 769 1092 cetera
792 1031 982 1092 amauerunt
1005 1027 1140 1092 uerbum
1163 1028 1321 1114 imprimis

200 1139 258 1205 ubi
291 1142 398 1226 agitur
432 1142 471 1205 de
492 1141 639 1206 libertate
662 1143 779 1206 amissa
805 1142 1020 1206 amittendaue
1048 1142 1186 1206 alieuius
1209 1141 1321 1226 populi

200 1257 236 1318 in
260 1254 433 1340 republica.

249 1370 277 1452 5,
303 1366 341 1452 ’9,
377 1370 396 1432 9
430 1367 531 1440 δοῦλος
560 1369 645 1434 idem
675 1369 762 1434 ualet
792 1388 829 1433 ao
852 1369 955 1432 alieno
978 1370 1111 1452 imperio
1137 1388 1260 1452 parens,
1283 1373 1320 1432 ut

201 1487 289 1567 patet
311 1501 352 1546 ex
375 1481 482 1547 uerbis
506 1501 588 1566 quae
607 1484 751 1567 proxime
777 1487 973 1566 sequuntur:
996 1479 1063 1545 ύνευ
1076 1481 1320 1562 ἀνδραποδισμοῦ.

202 1595 256 1660 Sic
290 1594 404 1660 δονλειά
439 1598 469 1680 5,
505 1596 546 1659 86
581 1600 629 1660 est
663 1595 803 1660 conditio
833 1596 930 1678 illius,
964 1598 1021 1679 qui
1051 1596 1147 1660 alieni
1168 1597 1249 1660 iuris
1273 1600 1321 1660 est

201 1709 314 1773 faetus.
339 1711 369 1792 3,
392 1709 443 1792 56,
466 1711 487 1773 4
511 1706 558 1772 ύνε
580 1710 653 1772 ποῖοι
676 1707 807 1772 δουλείαν
829 1706 966 1790 ἐπέφερεν
994 1709 1007 1772 θ
1031 1706 1188 1789 βάρβαρος.
1211 1708 1271 1773 Otr.
1293 1712 1322 1792 1,

205 1824 280 1906 122,
312 1825 349 1904 23
382 1824 411 1905 2,
435 1823 486 1905 71,
510 1825 538 1886 3.
563 1820 778 1906 Opponuntur
800 1824 883 1888 inter
906 1842 975 1888 sese
1001 1825 1029 1906 1,
1053 1825 1084 1908 8,
1112 1826 1132 1887 3
1155 1822 1270 1887 δουλειά
1293 1828 1324 1888 θῖ

203 1935 361 2018 ἐλευθερύα;
386 1939 417 2022 2,
442 1937 493 2020 63,
519 1939 535 1999 1
560 1941 592 2001 θῖ
616 1938 645 2020 5,
669 1937 720 2020 69,
745 1937 762 1999 1
785 1935 865 2018 οέρχέι
886 1942 917 2002 θῖ
937 1935 1051 2001 δουλεία
1071 1940 1229 2003 contraria
1243 1937 1324 2003 refe-

204 2056 335 2115 runtur:
380 2055 435 2115 aut
469 2051 531 2135 ipsi
564 2052 720 2135 imperare
750 2056 806 2114 aut
840 2052 978 2116 aliorum
1012 2052 1180 2136 imperium
1220 2054 1323 2136 sequi.

206 2167 336 2228 Δουλούν
359 2162 411 2235 τὴν
435 2160 574 2227 Ἑλλύδα
597 2163 657 2228 sub
684 2183 776 2227 suam
800 2168 988 2250 potestatam
1011 2165 1154 2249 redigere
1179 2166 1208 2250 1,
1230 2167 1281 2249 98,
1294 2168 1323 2229 3.

206 2278 260 2344 Sic
284 2281 313 2362 3,
338 2279 388 2362 10,
413 2280 432 2340 2
457 2275 674 2349 ααταδούλυοις
697 2279 868 2362 opponitur
890 2285 925 2359 τῇ
949 2276 1132 2357 ἐλευθερώσει.

251 2393 417 2458 Sociorum
452 2393 599 2477 conditio,
633 2412 723 2477 quos,
759 2412 831 2457 eum
865 2393 904 2458 de
934 2395 1116 2477 principatu
1140 2398 1322 2477 certaretur,

204 2509 419 2573 Athenienses
450 2506 598 2573 omnibus
629 2508 770 2571 uinculis
800 2506 862 2572 sibi
892 2508 1057 2572 deuinctos
1081 2512 1112 2572 et
1136 2509 1323 2572 constrictos

204 2622 367 2705 tenebant,
385 2623 479 2707 longe
500 2627 566 2686 erat
585 2622 646 2686 alia
665 2627 761 2706 atque
781 2641 850 2686 eam
862 2641 932 2686 esse
943 2620 1177 2706 gloriabantur3
1192 2624 1323 2687 nomine

206 2739 293 2802 enirn
319 2741 408 2801 erant
429 2736 521 2800 liberi
543 2755 656 2801 reuera
680 2741 795 2819 tamen,
819 2739 855 2799 ut
879 2737 973 2800 etiam
992 2737 1154 2801 interdurn
1176 2734 1323 2800 diceban-

205 2856 270 2934 tur,
293 2855 383 2915 erant
405 2850 531 2923 ὑπήκοοι,
556 2853 588 2914 et
612 2851 681 2914 siue
704 2848 810 2930 (Thac.
836 2850 866 2931 7,
891 2850 945 2927 57)
968 2851 1117 2921 ὑποτελεῖς
1140 2850 1210 2914 siue
1233 2847 1322 2912 αύνύ-

207 2986 288 3042 νομοι
310 2962 509 3027 uocabantur
531 2967 655 3047 praeter
676 2961 789 3027 foedus
812 2963 924 3046 aequis
947 2964 1064 3026 initum
1088 2962 1324 3028 conditionibus

207 3080 244 3141 in
267 3077 416 3142 omnibus
439 3096 558 3142 morem
581 3096 690 3161 gerere
713 3082 809 3161 atque
832 3075 967 3161 obsequi
986 3078 1056 3141 suis
1076 3078 1213 3142 dominis
1234 3081 1324 3141 erant

209 3194 319 3258 coacti.
342 3191 417 3256 Non
440 3194 549 3256 minus
572 3193 670 3276 igitur
694 3210 770 3256 uere
795 3211 891 3275 qnam
911 3190 1022 3256 acerbe
1041 3196 1072 3257 et
1083 3191 1325 3256 Lacedaemonii

209 3311 241 3371 θῖ
271 3307 303 3389 ii,
326 3307 383 3390 qui
405 3287 650 3370 Atheniensium
675 3307 789 3390 iugum
812 3325 831 3369 a
854 3305 1034 3370 ceruicibus
1058 3306 1214 3390 depellere
1237 3306 1324 3370 uole-

209 3421 296 3504 bant,
326 3422 429 3485 sooios
459 3457 501 3467 -
532 3415 717 3498 ξυμμάχους
741 3457 781 3466 -
807 3419 955 3484 dicebant
978 3439 1098 3484 seruos.
1123 3419 1175 3484 Sic
1198 3418 1325 3502 Mytile-

209 3555 343 3601 naerum
365 3535 461 3619 legati
481 3533 802 3599 Lacedaemoniorum
825 3536 918 3598 iussu
942 3531 1123 3618 Olympiam
1148 3535 1205 3617 qui
1228 3553 1325 3598 uene-

209 3653 291 3732 rant,
315 3650 482 3713 dixerunt:
507 3647 531 3711 ol
551 3643 712 3727 ξύμμαχοι
735 3646 931 3722 ἐδουλώθησαν
957 3650 986 3731 3,
1011 3648 1062 3733 10,
1086 3649 1113 3711 5.
1134 3646 1324 3732 Ceteroquin

209 3766 277 3826 tota
301 3763 400 3825 oratio
424 3763 571 3826 miseram
596 3764 741 3845 queritur
765 3763 923 3826 sociorum
947 3761 1170 3826 conditionem.

254 3876 413 3958 BrasidaS,
448 3877 540 3940 cuius
565 3877 664 3940 oratio
686 3875 824 3939 Acanthi
846 3875 955 3940 habita
979 3875 1017 3940 ab
1042 3877 1134 3941 initio
1159 3876 1326 3960 usquead

209 3990 308 4056 finem
337 4009 485 4075 magnam
515 3990 616 4074 spirat
644 3989 895 4073 indignationem
927 3993 1055 4073 propter
1077 3989 1325 4054 Atheniensium
1432 4016 1434 4020 ·

210 4107 246 4168 in
277 4104 379 4168 socios
400 4102 567 4167 libidinem
589 4106 620 4166 et
641 4102 811 4184 licentiam,
836 4105 867 4166 et
890 4101 952 4166 alia
975 4106 1006 4166 et
1029 4103 1106 4166 haec
1130 4102 1229 4166 dixit:
1253 4101 1277 4166 οἱ
1300 4100 1326 4165 δ’

211 4215 358 4291 Ἕλλανες
387 4214 433 4280 ἵνα
460 4215 503 4294 μὴ
526 4213 691 4280 κωλύωνται
716 4213 769 4296 ὑφ’
798 4214 878 4293 ὑμῶν
901 4214 1031 4289 δουλείας
1055 4215 1272 4294 ἀπαλλαγῆναι
1297 4217 1327 4299 4,

212 4332 267 4416 87,
290 4333 319 4395 3.
