3038 4980
731 509 772 571 33

199 697 343 762 Eandem
366 699 434 761 uim
456 697 552 761 habet
569 693 743 769 πλεονέκτης
765 696 793 780 1,
813 697 865 780 31,
884 702 905 759 4
924 700 955 760 01
975 702 1156 760 πλεονεκτεῖν
1179 696 1207 779 1,
1220 697 1270 779 77,
1283 697 1311 758 3.

200 809 240 874 Οἱ
269 807 444 888 δἐἷῦισμένοι
474 809 542 890 πρὸς
573 810 654 887 ῦμῦς
684 809 743 873 οὶπὸ
773 812 825 874 τοῦ
855 805 916 873 boo
942 807 1054 887 ὁμιλεῖν
1076 807 1110 883 ἦν
1135 832 1162 872 τι
1187 806 1312 873 ῦπωσοῦν

198 923 406 997 ε’λοισσοιέῦσιν,
441 923 472 987 οῦ
507 925 556 986 τοῦ
590 920 717 995 πλείονος
751 920 794 1001 μὴ
830 919 1036 1004 στερισκόμενοι
1068 920 1155 1004 χάριν
1187 919 1311 1002 ἔχουσιν,

200 1036 284 1102 οῦλλοὶ
315 1041 365 1102 τοῦ
396 1036 507 1110 ἐνδεοῦς
536 1036 741 1118 χαλεπώτερον
772 1034 902 1118 Φέρουσιν
933 1033 949 1110 ἢ
973 1037 996 1101 εἰ
1021 1036 1080 1101 οῦπὸ
1103 1036 1216 1118 πρώτης
1237 1037 1312 1100 οῦπο-

200 1149 309 1229 θέμενοι
330 1150 379 1215 τὸν
402 1147 485 1228 νέμον
508 1153 638 1231 φοινερῦς
660 1150 909 1229 ἐπλεονεκτοῦμεν.
936 1151 980 1216 At
1001 1150 1049 1215 illi
1071 1152 1190 1216 assueti
1210 1169 1311 1235 aequo

197 1267 269 1331 iure
292 1265 457 1330 nobiscum
482 1265 665 1350 disceptare,
688 1266 715 1329 si
739 1266 817 1349 quid
838 1267 879 1329 iis
903 1266 1194 1349 quomodocunque
1218 1264 1313 1330 150011

201 1381 387 1464 detractum,
411 1399 475 1444 non
497 1379 615 1444 habent
635 1381 771 1464 gratiam
795 1381 835 1444 de
858 1379 1005 1464 pluribus
1027 1400 1092 1444 uon
1111 1382 1244 1465 ereptie3
1257 1379 1314 1444 sed

201 1496 365 1560 modicum
386 1494 476 1578 illud,
500 1495 587 1579 quod
609 1494 784 1559 detractum
808 1499 864 1578 est,
887 1497 1020 1580 grauius
1043 1495 1151 1561 ferunt
1171 1517 1266 1580 quam
1287 1499 1316 1561 si

204 1611 311 1675 statim
334 1609 372 1674 ab
395 1611 486 1674 initio
508 1610 609 1694 legem
634 1609 790 1674 uiolentos
814 1613 920 1694 aperte
943 1611 1144 1675 commodum
1166 1615 1314 1675 nostrum

205 1725 486 1808 quaesiuissemus.
514 1721 601 1799 Quae
624 1722 731 1807 uerba,
754 1724 788 1786 ui
810 1722 910 1808 fallor,
932 1723 1111 1789 luculenter
1135 1724 1317 1808 ostendunt,

205 1838 292 1902 unde
314 1838 477 1902 translatio
501 1838 543 1902 sit
565 1842 700 1922 sumpta,
723 1837 776 1902 cfr.
799 1838 829 1921 4,
853 1838 904 1922 61,
929 1839 966 1920 53
993 1838 1021 1922 1,
1045 1840 1096 1922 38,
1119 1839 1155 1920 65
1181 1839 1211 1923 6,
1224 1840 1275 1923 39,
1287 1840 1316 1901 2.

205 1951 306 2037 Saepe
338 1954 432 2017 etiam
459 1952 611 2017 relatione
633 1953 862 2016 contrariorum
887 1971 969 2037 quae
991 1952 1082 2017 uerbi
1105 1953 1241 2018 alieuius
1265 1954 1316 2017 uis

205 2067 248 2130 sit
270 2067 419 2151 cognosci
441 2070 552 2150 001001.
576 2071 758 2130 Μειονεκτεῖν
781 2067 865 2131 enim
889 2066 974 2151 apud
997 2065 1145 2151 Xenoph.
1168 2066 1262 2132 Mem.
1287 2068 1316 2151 3,

207 2179 261 2263 14,
283 2179 312 2243 6.
335 2179 453 2243 dicitur
475 2180 514 2244 de
536 2180 662 2244 homino
685 2179 816 2264 plurimi
839 2178 910 2263 eibi,
933 2180 999 2263 qui,
1022 2200 1095 2244 cum
1120 2199 1230 2244 mensa
1251 2199 1316 2244 non

205 2292 354 2377 pluribus
389 2293 491 2378 epulis
525 2294 566 2358 sit
600 2297 770 2376 exstructa,
805 2312 869 2356 non
905 2294 982 2358 satis
1016 2312 1050 2358 00
1080 2293 1194 2358 habero
1217 2298 1316 2378 putat.

205 2406 359 2472 Eiusdem
388 2408 513 2493 generis
537 2411 627 2472 sunt:
651 2404 776 2471 ἔλοισσον
800 2413 897 2485 νεῖμοιι
921 2407 951 2491 6,
973 2404 1315 2492 88,1.ἔλοοσσονέχειν

207 2521 237 2605 3,
263 2524 291 2605 5,
315 2523 343 2586 2.
366 2521 508 2586 έλκσσοῦν
531 2523 560 2606 5,
583 2522 633 2606 34,
653 2524 691 2604 23
716 2523 745 2606 5,
769 2523 820 2606 43,
846 2524 882 2603 2;
910 2522 938 2606 l,
963 2523 1014 2606 77,
1038 2523 1065 2586 1.
1083 2522 1193 2588 Unum
1214 2523 1317 2588 adhue
1411 2512 1415 2517 ⁵

205 2637 315 2700 locum
338 2636 416 2700 mihi
438 2635 550 2701 afferro
569 2636 671 2720 liceat,
691 2656 754 2721 quo
775 2635 936 2701 translatio
957 2636 1035 2701 haec
1052 2637 1086 2699 in
1099 2636 1315 2702 bonolumino

207 2750 386 2816 collocetur.
415 2747 530 2822 Ποέντες
560 2750 617 2831 peip
639 2750 798 2831 οιῦῦκμερὸν
820 2746 945 2825 οὲξιόνσιν
969 2751 1028 2830 οὐχ
1050 2747 1126 2822 ῦπως
1149 2747 1210 2825 ἴσοι,
1233 2749 1317 2814 οέλλοὶ

206 2861 259 2928 aa>
283 2863 358 2928 πολὺ
380 2867 488 2946 πρῶτος
510 2864 599 2936 οιῦτὸο
620 2861 743 2937 ἕκοιστος
765 2857 845 2928 εἷνοιι·
867 2865 900 2928 ε’κ
919 2863 950 2928 δὲ
969 2861 1167 2944 δνμοκροιτέοις
1186 2861 1316 2944 οιὶρέσεοις

205 2975 382 3056 γιγνομένης
412 2979 477 3060 ῥρῦον
506 2975 726 3055 τοῦποβοιίνοντοι
755 2979 792 3049 ῦς
816 2978 873 3056 οὐχ
896 2976 949 3042 ῦπὸ
972 2980 1028 3062 τῶν
1052 2975 1153 3056 ὁμοίιον
1175 2975 1315 3042 ε’λοισσοῦ-

207 3089 295 3170 μενός
317 3115 369 3164 ,τις
395 3089 482 3172 φέρει.
509 3093 538 3176 8,
560 3093 611 3176 89,
636 3094 664 3155 3.
687 3091 727 3155 15
749 3090 921 3176 republica,
943 3093 977 3154 in
1001 3112 1065 3175 qua
1087 3091 1224 3176 populus
1248 3091 1317 3176 plu·

206 3207 326 3270 rimum
348 3209 451 3291 potest
474 3206 643 3290 omniaque
666 3207 736 3270 0150
759 3204 888 3269 arbitrio
911 3209 1075 3289 geruntur,
1095 3224 1168 3269 cum
1189 3204 1318 3289 quidam

207 3321 346 3405 plurima
376 3325 494 3405 puncta
523 3318 675 3398 tulerunt,
705 3320 929 3404 unusquisque
955 3321 1051 3403 aequi
1074 3318 1213 3404 bonique
1235 3318 1320 3402 facit,

207 3440 320 3520 utpote
343 3435 399 3520 qui
422 3435 461 3499 ab
485 3433 667 3499 hominibus
690 3435 843 3519 dignitate
865 3433 1147 3519 praestantioribus
1172 3453 1205 3499 se
1227 3453 1320 3518 supe·
1383 3454 1391 3465 ·

208 3553 316 3613 ratum
339 3567 409 3613 esse
431 3551 529 3633 putet.

253 3662 507 3727 Paterfamilias
531 3662 571 3726 ad
593 3681 658 3727 rem
683 3666 823 3727 attentus
846 3663 888 3726 sit
911 3666 943 3726 01
962 3661 1001 3726 ad
1021 3661 1161 3726 calculos
1173 3665 1321 3746 sumptus

208 3782 304 3842 uocet
335 3780 465 3862 oportet,
498 3796 539 3842 ne
566 3778 705 3842 rationes
728 3775 905 3841 turbentur.
929 3775 1033 3840 80505
1057 3777 1184 3860 0000010
1206 3777 1324 3860 legitur

209 3888 359 3968 οὲνῦλομοι
384 3891 413 3976 1,
437 3892 488 3975 99,
512 3892 541 3975 3,
563 3890 620 3955 ubi
643 3910 722 3956 uoce
742 3886 859 3963 δοιποένιι
883 3909 965 3974 quae
977 3892 1122 3974 sequitur
1134 3890 1322 3954 illustratur.

208 4005 384 4072 Translatio
407 4007 491 4071 inest
513 4007 563 4071 his
587 4005 695 4071 uerbis
720 4007 748 4090 7,
771 4006 822 4090 11,
846 4007 874 4069 3.
897 4002 1124 4078 οῦποιννλιικνίοις
1147 4008 1201 4077 τῆς
1219 4007 1321 4085 Φυλον-

211 4126 266 4195 κῆς
288 4123 344 4186 τῦν
366 4123 472 4200 τειχῶν
494 4118 579 4201 μέρος
602 4144 631 4184 τι
653 4124 704 4185 τοῦ
727 4120 886 4194 ὁπλιτικοῦ,
910 4121 996 4204 qued
1015 4121 1231 4184 munitionum
1251 4138 1323 4183 ous—
1415 4197 1419 4205 ¹

211 4236 300 4300 todia
328 4256 476 4321 magnam
507 4237 617 4320 grauis
649 4241 828 4301 armaturae
857 4238 980 4320 partem
1008 4234 1162 4299 absumat.
1185 4233 1247 4299 His
1270 4233 1324 4298 ad-

214 4350 326 4436 denda,
358 4369 439 4434 quae
468 4350 621 4435 leguntur
649 4350 678 4436 6,
709 4350 760 4436 31,
785 4352 803 4412 5
833 4348 858 4413 ei
886 4346 942 4432 γάρ
974 4371 1018 4421 τις
1039 4345 1192 4428 ἐλινΙσιιτο
1214 4345 1267 4422 τήν
1290 4370 1323 4411 τε

1204 4457 1222 4510 3
