3038 4980
846 487 886 550 12

304 678 401 743 finem
424 678 622 763 propositum
646 695 719 741 eum
744 678 930 760 peruenisse
950 676 989 740 de
1008 677 1143 759 eiusque
1161 674 1294 739 historia
1306 675 1423 758 ualere,

304 792 391 876 quod
420 794 489 875 ipse
513 791 552 855 de
574 792 764 875 gravissimo
787 790 842 853 illo
865 789 948 853 betto
972 790 1099 873 scripsit
1112 788 1152 867 1);
1178 789 1236 852 uix
1261 792 1330 852 orta
1353 808 1422 873 per-

304 908 393 971 uenit
415 905 457 970 ad
480 925 643 980 summum
656 903 691 988 2).
718 902 806 980 Quae
830 923 903 967 cum
926 905 971 968 ita
993 905 1057 967 sint
1076 922 1133 987 per
1152 921 1187 967 se
1205 907 1291 987 patet
1303 923 1421 987 paucas

303 1021 527 1086 translationes
549 997 714 1104 pauciores
735 1019 889 1102 imagines
908 1018 994 1102 apud
1012 1017 1230 1098 Thucydidem
1243 1017 1266 1098 ³)
1279 1018 1422 1082 inueniri

302 1153 421 1220 easque
440 1153 523 1219 quae
541 1153 655 1198 reuera
675 1133 888 1197 inueniuntur
899 1132 1088 1217 plerumque
1100 1151 1165 1195 non
1178 1150 1247 1196 esse
1260 1133 1421 1215 quaesitas

303 1250 358 1315 sed
381 1249 586 1314 necessarias.

346 1364 398 1426 Ex
431 1362 557 1426 infinita
591 1361 811 1446 exemplorum
845 1362 935 1444 copia
968 1380 1070 1424 unum
1102 1360 1265 1444 eligamus.
1299 1358 1419 1424 Omnes

302 1478 368 1543 fere
403 1479 572 1562 scriptores
607 1496 643 1540 ac
675 1481 786 1561 poetae
821 1476 948 1559 saepius
979 1478 1116 1539 utuntur
1146 1474 1254 1538 uerbis
1286 1471 1366 1548 νόσος
1389 1481 1420 1541 et

304 1596 395 1655 νοσεῖν
425 1590 482 1654 ubi
511 1591 617 1675 agitur
646 1590 685 1654 de
711 1591 810 1653 animi
833 1607 1024 1672 morumque
1047 1589 1145 1671 uitiis,
1168 1592 1204 1652 ut
1227 1587 1319 1652 Plato
1343 1589 1420 1654 Tim.

302 1705 343 1769 86
370 1703 409 1784 D,
433 1703 532 1768 Genu.
556 1704 619 1767 207
644 1703 690 1786 Β,
715 1704 768 1768 uel
791 1704 830 1767 de
850 1704 947 1767 animi
966 1702 1261 1786 perturbationibus
1274 1708 1312 1767 ut
1323 1702 1419 1788 Soph.

299 1819 350 1881 Αἰ.
387 1817 461 1900 206,
493 1818 601 1881 Trach.
634 1817 707 1901 541,
737 1818 788 1882 vel
819 1818 858 1881 de
883 1816 1037 1901 grauibus
1061 1804 1255 1900 reipublicae
1278 1818 1420 1883 motibus

301 1935 340 1995 ut
369 1931 487 1996 Herod.
515 1923 618 2015 5,'28.
641 1931 791 2017 Xenoph.
813 1931 915 1996 Anab.
941 1933 969 2016 7,
993 1934 1022 2014 2,
1046 1933 1097 2014 32,
1119 1930 1209 1995 Dem.
1234 1933 1264 2015 9,
1288 1933 1339 2016 12,
1363 1932 1420 1997 ubi

302 2046 474 2109 coniuncta
507 2045 720 2109 inueniuntur
753 2049 862 2109 νοσοῦσι
892 2042 943 2108 rui
976 2041 1189 2123 στασιάζουσιν.
1222 2045 1307 2110 Plut.
1330 2046 1420 2110 Thes

304 2158 354 2221 12.
377 2157 444 2222 Pol.
470 2159 521 2240 38,
545 2160 575 2241 2,
596 2159 624 2220 7.
644 2158 688 2222 nt
709 2159 794 2242 apud
804 2158 1022 2240 Thucydidem
1034 2158 1191 2222 eiusmodi
1202 2159 1419 2225 translationis

301 2291 362 2336 nec
393 2272 467 2335 uela
493 2291 556 2336 nec
577 2274 750 2357 uestigium
774 2277 884 2337 exstat.
907 2272 1014 2358 ipsam
1038 2292 1145 2336 rerum
1169 2272 1282 2337 faciem
1306 2294 1420 2359 propo·

303 2404 378 2450 nere
397 2387 505 2451 studet
525 2387 706 2471 lectoribus
724 2387 822 2452 fucati
844 2389 1074 2453 medicamenta
1090 2388 1237 2452 candoris
1249 2393 1281 2453 et
1290 2389 1419 2454 ruboris

303 2519 400 2585 prope
424 2502 530 2564 omnia
552 2502 759 2586 repelluntur.

346 2613 405 2678 Est
439 2612 494 2679 ubi
527 2620 639 2698 poetae
672 2617 837 2700 ingenium
871 2615 970 2680 iibere
1003 2617 1113 2700 uagari
1143 2618 1259 2700 possit;
1293 2618 1419 2682 cilicet

300 2728 478 2811 imaginum
508 2728 816 2812 translationumque
848 2730 1008 2813 regionem
1040 2729 1156 2793 habere
1187 2751 1279 2794 suam
1291 2731 1324 2812 4).
1357 2730 1419 2795 Sed

303 2859 354 2905 res
394 2859 458 2903 non
496 2841 604 2925 uerba,
639 2845 805 2908 ueritatem
840 2862 905 2906 non
939 2843 1049 2908 fucum
1085 2847 1210 2928 quaerit
1244 2846 1418 2911 historicus

303 2959 411 3020 noster
434 2960 466 3020 et
496 2956 574 3020 haec
605 2957 734 3040 quidem
764 2958 924 3041 ieiunitas,
947 2957 1024 3022 haec
1049 2959 1184 3041 siccitas,
1207 2960 1286 3023 haec
1310 2961 1419 3044 inopia

303 3070 464 3153 ceteroqui
486 3070 594 3154 polita,
619 3068 740 3135 urbana
764 3076 860 3155 atque
882 3070 1009 3155 elegans
1031 3072 1163 3136 totidem
1186 3076 1263 3136 sunt
1282 3075 1419 3158 pignora

304 3185 456 3251 ueritatis.

335 3505 363 3571 1)
380 3504 493 3558 Ornnino
509 3504 635 3556 reicienda
654 3504 759 3557 uiriotur
775 3506 960 3574 interpretatio,
977 3523 1056 3573 quam
1074 3509 1181 3574 protulit
1195 3510 1328 3576 sumpius,
1338 3514 1418 3565 uerba

302 3597 458 3647 narraveras
483 3601 509 3646 ot
533 3596 648 3661 σὶκμσὶζσιν
675 3596 722 3647 hoc
749 3597 802 3649 totu
828 3598 936 3650 ‹nirdmu
961 3600 1017 3650 uim
1034 3601 1156 3653 obtinere
1173 3603 1246 3653 Idem
1263 3605 1335 3656 ualet
1352 3607 1418 3655 nuti-

301 3689 404 3738 στασθαι
423 3687 471 3739 troc
487 3687 539 3738 uno
553 3686 622 3752 «print
641 3685 665 3747 t,
683 3684 723 3750 73,
741 3686 766 3749 3,
783 3694 794 3736 ὸ
812 3688 878 3751 ἁγὼν
896 3691 1087 3746 καταστήσεται.
1103 3693 1135 3742 Et
1149 3695 1174 3745 si
1189 3709 1285 3745 uerum
1300 3698 1418 3763 estquod

300 3779 401 3845 mripsit
419 3778 637 3830 tricentesimus
656 3778 792 3832 ltiituuuor
806 3780 960 3831 aaronem
976 3781 1025 3834 dici
1037 3783 1068 3834 de
1076 3785 1148 3835 omni
1157 3791 1259 3837 tumore
1267 3789 1416 3855 incipiente,

300 3871 383 3937 imago
400 3858 459 3921 inde
476 3874 579 3936 aurnptn
597 3884 652 3921 riam
670 3869 780 3923 mittetur.

335 3963 364 4029 3)
379 3960 405 4023 3,
421 3960 445 4029 3,
462 3960 486 4014 t.

333 4053 359 4109 :n
376 4053 453 4106 Nolis
478 4052 545 4121 opud
567 4068 628 4106 oum
651 4052 786 4105 trruouitur
810 4056 976 4121 ‹nrrrpnrntim
1000 4073 1051 4110 nnn
1070 4060 1120 4110 nisi
1136 4066 1229 4125 qnater
1246 4062 1270 4129 t,
1289 4063 1330 4131 71,
1345 4067 1375 4134 3;
1390 4066 1415 4128 t,

300 4144 340 4203 73,
357 4144 387 4213 3;
404 4143 429 4209 t,
449 4142 502 4203 737.
519 4142 547 4203 tr
566 4142 591 4201 u.
609 4141 648 4209 it,
667 4142 696 4203 tn
712 4144 796 4197 utittu·
811 4146 900 4197 curru
910 4146 985 4209 daras
993 4148 1024 4199 ad
1034 4150 1197 4204 indicandum
1205 4155 1414 4220 similitudinem,

331 4236 356 4296 u
373 4236 423 4288 oon
443 4234 542 4288 diluunt
562 4234 679 4287 tiodiem
699 4235 780 4289 turm
794 4236 985 4304 sopiendam
1002 4240 1415 4313 Natrrransehauung‚Cemmen·

298 4329 361 4383 tatio
378 4326 766 4383 3333333313σιιιιίιωισσιῆσ
784 4326 942 4397 ttcguimuri
959 4329 1034 4384 resa
