3038 4980
831 509 893 572 100

298 694 381 757 inter
412 695 499 757 uiros
529 694 655 758 doctos!
679 694 823 759 Uerbum
850 693 1138 776 „repercuterentur”
1163 697 1332 761 scholiasta
1355 718 1417 759 πα-

296 805 429 884 ραβόλως
459 814 655 888 κατηγορῆσαι
683 805 700 880 ἢ
725 806 860 880 ὑπόπτως
884 808 1049 881 διακονῆσαι
1072 810 1265 894 explanauit.
1289 810 1418 895 Surdas,

298 919 433 986 Photius
455 922 572 1005 aliique
594 927 717 987 ueteres
741 925 939 1007 grammatici
962 924 1021 987 boc
1045 924 1181 988 uerbum
1201 924 1287 990 idem
1308 926 1416 990 ualere

298 1036 394 1117 atque
415 1029 602 1115 ἐξαπατῆσαι
625 1034 790 1100 affirmant.
814 1035 852 1099 In
877 1036 1046 1102 discrimen
1070 1042 1177 1101 autem
1202 1039 1271 1103 siue
1290 1040 1417 1122 pericu-

298 1147 367 1212 lum
397 1148 553 1214 adducere
581 1150 805 1234 interpretatur
834 1148 983 1215 Reislrius
1015 1151 1134 1235 aliique
1164 1153 1356 1217 recentiores
1379 1159 1417 1216 ut

299 1259 481 1343 Boehmius,
512 1260 701 1327 Classenius.
732 1261 896 1346 Kruegero
925 1263 1054 1328 uidetur
1076 1265 1136 1328 boo
1158 1264 1282 1329 ualere:
1307 1266 1416 1350 negle

294 1379 405 1457 genter
439 1375 667 1439 administrare.
702 1377 746 1439 At
779 1376 839 1439 hoc
872 1379 1019 1461 aenigma
1050 1379 1106 1461 qui
1130 1379 1290 1461 aperuerit
1314 1397 1414 1442 uerus

296 1485 437 1572 Oedipus
467 1489 627 1572 putandus
657 1491 725 1572 erit,
748 1489 897 1573 equidem
920 1510 986 1554 non
1011 1491 1105 1555 uideo
1129 1492 1288 1575 quomodo
1313 1513 1411 1576 quam

294 1602 393 1668 uerbo
427 1602 613 1688 Kruegerus
647 1604 759 1669 tribuit
793 1606 854 1688 uis,
890 1624 931 1671 ex
964 1607 1034 1689 ipso
1067 1605 1167 1671 uerbo
1201 1607 1272 1671 erui
1302 1609 1414 1690 possit.

295 1713 359 1792 Qui
385 1735 479 1800 porro
506 1718 593 1782 hunc
615 1718 722 1782 locum
746 1718 792 1782 sio
814 1719 1004 1803 intellegunt
1027 1724 1065 1785 ut
1088 1719 1224 1784 uerbum
1249 1717 1415 1799 παραβόλ-

293 1829 393 1893 λεσόαι
416 1831 513 1895 latine
534 1831 667 1896 reddant
689 1832 739 1895 bis
757 1831 892 1896 uocibus
914 1832 1137 1916 „neglegenter
1150 1831 1295 1897 efficere’'
1308 1833 1412 1897 multo

295 1946 410 2010 melius
445 1965 502 2030 pro
535 1943 738 2024 παραβόλσιτσ
771 1945 850 2008 mibi
881 1942 1063 2023 παραμελσόν
1096 1947 1239 2010 conicere
1268 1947 1413 2029 potuisse

294 2059 452 2125 uidentur.
475 2058 543 2144 Ego
567 2061 595 2123 si
618 2058 697 2143 quid
719 2058 813 2123 uideo
837 2058 927 2122 nullo
952 2060 1088 2143 negotio,
1110 2077 1191 2142 quae
1210 2057 1411 2140 Thucydides

294 2175 419 2258 scripsit
441 2192 586 2258 quaeque
609 2172 746 2238 scribere
770 2172 888 2256 debuit,
912 2192 985 2237 cum
1011 2174 1240 2237 sententiarum
1251 2174 1321 2257 ipse
1334 2173 1411 2237 ordo

294 2288 456 2371 postulare
486 2287 643 2373 uideatur,
674 2288 873 2370 interpretari
904 2305 955 2350 me
988 2305 1080 2369 posse
1104 2287 1237 2351 confido.
1260 2287 1411 2354 Fideliter

295 2401 353 2466 tibi
389 2402 542 2485 seruiens,
575 2402 621 2465 sic
654 2399 719 2464 fere
751 2399 894 2483 loquitur
926 2399 1079 2484 Argilius,
1111 2419 1323 2485 quaecunque
1353 2402 1411 2466 tibi

295 2536 369 2581 cum
398 2535 472 2601 rege
500 2514 714 2580 intercedebat
741 2515 830 2598 ratio,
852 2533 1018 2598 nunquam
1041 2533 1099 2598 ego
1122 2519 1162 2597 te,
1185 2535 1259 2580 cum
1283 2536 1407 2601 possem

296 2630 444 2714 periculis
474 2628 582 2695 obieci.
613 2628 811 2693 Praeclaram
834 2647 922 2692 nunc
945 2627 1023 2691 mihi
1045 2627 1143 2693 refers
1166 2631 1301 2713 gratiam
1326 2630 1410 2714 quod

293 2763 345 2809 me
366 2743 448 2809 bene
471 2743 510 2808 de
532 2747 564 2808 te
587 2743 735 2808 meritum
758 2741 893 2806 interfici
915 2740 1014 2806 iubes.
1040 2739 1190 2826 Legimus
1214 2743 1244 2825 5,
1270 2743 1333 2806 113
1358 2740 1409 2806 καὶ

293 2856 531 2935 Λακεδαιμονίοις
561 2854 613 2921 καὶ
640 2855 720 2937 τόχρ
743 2853 796 2919 καὶ
818 2853 915 2918 ε’λπόσι
934 2859 1072 2918 πλεῖστον
1092 2853 1126 2926 δὴ
1146 2853 1408 2935 παραβεβλημένα

270 2968 343 3057 Ικαὶ
374 2969 581 3043 πιστεύσαντες
604 2976 739 3034 πλεῖστον
762 2967 811 3033 καὶ
840 2967 1036 3049 σΦαλόσεσόε.
1059 2966 1235 3034 Scholiasta
1256 2971 1409 3054 interpre-

291 3091 377 3150 tatur
416 3083 622 3165 ἐπιτρέψαντες
660 3082 846 3164 παραβόλως.
891 3080 984 3159 Quod
1028 3082 1088 3147 sub
1125 3102 1227 3147 unum
1262 3083 1408 3148 fortunae

294 3200 393 3262 ictum
426 3199 533 3262 omnia
562 3197 674 3263 cadere
704 3199 790 3281 passi
820 3197 905 3279 estis,
929 3197 1036 3259 omniu
1057 3195 1204 3281 perdetis.
1226 3194 1408 3261 Uehemens

294 3318 401 3378 tamen
424 3315 583 3378 contentio
605 3315 689 3377 inter
712 3312 801 3376 uiros
824 3311 941 3393 doctos,
965 3309 1043 3394 quid
1065 3312 1108 3374 sit
1129 3309 1308 3394 legendum.
1328 3309 1408 3375 Her-

294 3427 461 3492 werdenus
494 3424 593 3491 uerba
627 3422 676 3488 ναὶ
706 3419 913 3493 πιστεύσαντες
946 3422 1079 3487 delenda
1100 3423 1256 3507 proponit,
1280 3421 1338 3487 sed
1360 3424 1408 3486 in·

293 3541 377 3604 iuria
410 3539 520 3621 credo;
553 3537 669 3603 melius
702 3534 884 3600 Classenius
915 3554 1012 3599 unam
1035 3535 1183 3600 uoculam
1208 3535 1327 3601 deleuit
1350 3534 1408 3600 ναί.

293 3652 402 3738 Poppo
430 3651 529 3718 uerba
555 3650 855 3716 traditaretinenda
878 3654 986 3714 censet
1008 3655 1223 3734 prouocatque
1246 3650 1287 3714 ad
1310 3652 1408 3716 Arist

292 3765 376 3831 Plut
408 3767 481 3850 243,
511 3765 639 3846 πόρναισι
662 3762 713 3827 καὶ
736 3760 847 3838 κύβοισι
872 3759 1148 3840 παραβεβλημένος.
1175 3760 1226 3826 Sic
1250 3762 1311 3827 hoc
1335 3783 1411 3828 uer·

290 3881 369 3945 bum
391 3881 476 3945 idem
500 3880 619 3944 ualeret
639 3877 725 3962 quod
754 3873 960 3958 „confidere’'‚
985 3875 1070 3960 quod
1093 3876 1172 3940 mibi
1196 3876 1286 3940 nullo
1312 3876 1407 3942 modo

315 3994 454 4060 robatur.

293 4015 314 4078 p
338 4107 445 4193 Uulgo
468 4110 519 4173 his
541 4107 649 4173 uerbis
671 4103 850 4184 ἀναρριπτεῖν
873 4109 904 4168 et
925 4102 1169 4184 παραβάλλεσθαι
1194 4103 1301 4168 addila
1321 4105 1409 4170 inue-

292 4223 380 4286 nitur
402 4227 487 4288 certa
508 4221 702 4304 definitaque
724 4237 783 4295 res,
802 4237 883 4301 quae
905 4219 940 4282 in
962 4219 1062 4284 aleam
1086 4219 1187 4283 datur.
1212 4215 1274 4281 cfr.
1300 4220 1331 4302 2,
1353 4222 1409 4303 44,

295 4337 314 4398 3
336 4336 454 4410 παῖδας
476 4333 751 4417 παραβαλλόμενσι;
778 4334 807 4417 3,
830 4332 881 4416 65,
904 4334 923 4395 2
943 4332 1049 4414 πλείω,
1071 4338 1104 4398 at
1123 4335 1153 4416 4,
1166 4333 1408 4417 85‚4quocum
