3038 4980
737 490 780 552 44

200 677 335 744 uerbum
359 674 527 750 ὑποτιθέναι,
551 679 604 741 cui
627 675 725 741 uerbo
750 677 929 762 oppositum
953 679 1002 741 eet
1025 674 1203 752 ὑποκεῖσθαι,
1226 679 1312 763 quod

199 811 297 858 sensu
320 791 446 876 proprie
470 792 607 855 occurrit
631 790 659 874 1,
683 790 734 874 93,
758 791 777 852 2
801 788 826 853 οἱ
848 787 904 870 γθιρ
924 787 1046 868 θεμέλιοι
1067 790 1210 855 παντοίων
1230 791 1313 856 λίθοιν

199 903 370 968 ὑπθιιεινται.
405 904 439 969 Si
474 904 585 968 saltem
620 904 697 968 haec
729 903 869 988 genuina
899 907 946 968 est
975 903 1079 968 lectio.
1111 904 1164 968 An
1195 907 1312 972 melius

199 1014 366 1096 ξύγκεινται
388 1017 571 1114 legeretur?

243 1133 301 1197 Uis
332 1133 438 1197 nativa
468 1134 519 1195 τοὺ
552 1127 710 1194 ὑποτιθέναι
743 1134 790 1196 est
812 1130 946 1196 aedificii
967 1130 1177 1197 fundamenta
1201 1135 1313 1201 iacere.

199 1247 261 1313 en.
292 1247 372 1310 Plat.
401 1245 548 1310 Timaeus
582 1246 621 1308 92
635 1245 674 1308 Α.
699 1244 759 1309 θεοῦ
784 1242 887 1321 βοίσεις
909 1242 1087 1318 ὑποτιθέντος
1111 1243 1229 1320 πλείους
1253 1255 1314 1321 τοῖς

152 1412 159 1424 .
197 1363 313 1440 μαλλον
348 1356 477 1440 ἄφροσιν.
515 1357 715 1424 Transfertur
749 1360 809 1423 hoc
839 1359 932 1423 medo
965 1361 995 1444 5,
1021 1361 1070 1423 90.
1103 1359 1202 1433 ἐπειδὴ
1229 1359 1313 1440 ὑμεῖς

199 1471 269 1540 οὕτω
304 1471 384 1554 παρα
418 1472 451 1537 τὸ
485 1471 591 1537 δίκαιον
621 1472 654 1536 τὸ
684 1469 831 1553 ξυμφόρον
861 1470 956 1550 λε’γειν
987 1471 1128 1537 ὑπίθεσθε.
1156 1473 1314 1551 Quoniam

199 1588 355 1653 statuistis
384 1588 507 1652 ratione
536 1587 615 1652 iuris
645 1606 711 1651 nen
740 1587 846 1651 habita
873 1587 912 1652 de
934 1587 1069 1652 utilitate
1095 1607 1165 1654 esse
1193 1589 1314 1675 discep

199 1701 341 1784 tandum,
371 1700 613 1766 fundamentum
645 1699 780 1765 aedificii
806 1700 891 1785 quod
921 1700 1131 1786 disceptantes
1156 1706 1312 1768 structuri

199 1834 312 1879 sumus
336 1815 395 1880 erit
418 1814 547 1878 utilitas.

244 1924 286 1992 Ἥ
310 1951 343 1991 τε
365 1925 452 2000 ε’λπίς
475 1925 526 1992 καὶ
550 1927 563 1992 ὑ
585 1924 651 2009 ἔρως
673 1925 723 1991 ε’πί
745 1927 845 2001 παντί,
869 1926 882 1992 ὑ
906 1928 960 2007 μὲν
985 1927 1153 2009 ἡγούμενος,
1175 1930 1192 2004 ἡ
1214 1929 1313 2012 δ’ἐφε-

200 2039 321 2119 ποριέννρ,
353 2039 405 2105 καί
430 2041 443 2104 ὑ
466 2040 520 2119 μὲν
543 2039 596 2113 τὴν
619 2039 777 2118 ἐπιβουλὴν
800 2040 988 2124 εἰιφροντίζαν
1011 2045 1028 2115 ἡ
1052 2041 1083 2106 δὲ
1106 2043 1159 2118 τὴν
1182 2043 1314 2126 εὐπορίαν

201 2155 366 2220 ὑποπιθεῖσα
392 2161 523 2219 πλείστα
545 2152 738 2233 βλοίπτουσιν.
763 2157 793 2240 3,
817 2157 869 2240 45,
890 2158 917 2220 5.
940 2157 982 2222 ut
1002 2176 1073 2242 spes
1096 2162 1127 2223 et
1146 2160 1315 2245 cupiditas,

201 2271 279 2335 haec
310 2270 439 2354 quidem
470 2269 548 2354 dux,
573 2269 629 2333 ilia
651 2288 728 2334 uero
752 2289 866 2354 comes,
889 2271 966 2335 haec
990 2272 1159 2337 consilium
1186 2276 1314 2359 excogi-

201 2389 281 2468 tans,
299 2384 353 2448 illa
371 2383 518 2448 fortunae
537 2385 776 2468 prosperitatem
796 2403 980 2469 suggerens,
999 2385 1176 2469 plurimum
1187 2393 1312 2453 nocent.

246 2494 305 2561 Διοί
327 2521 361 2562 τε
383 2497 436 2570 τὴν
459 2494 702 2579 προύποίρχονσαν
723 2492 838 2571 οἱξίωσιν
858 2495 980 2562 καὶτοῦ
1000 2498 1172 2573 Ἑλληνιαοὺ
1192 2499 1313 2576 areae,

200 2609 233 2686 θίν
258 2609 380 2676 ὑπετίθει
402 2611 480 2692 αὑτῷ
503 2609 661 2675 ὑονλὺσειν.
685 2610 764 2676 Cum
787 2618 914 2696 propter
935 2614 1101 2698 pristinam
1125 2615 1314 2700 dignitatem

200 2732 269 2792 tum
304 2723 399 2790 etiam
433 2729 560 2810 propter
589 2743 675 2809 spem
709 2725 748 2789 de
780 2724 916 2810 Graecis,
948 2747 1044 2811 quam
1076 2729 1106 2792 ei
1134 2729 1314 2815 praebebat,

200 2840 267 2905 fore
290 2843 326 2904 ut
348 2858 402 2904 eos
424 2841 459 2903 in
482 2842 667 2924 potestatem
691 2858 782 2903 suam
806 2839 969 2924 redigeret.
994 2841 1022 2926 l,
1049 2841 1122 2927 138,
1146 2845 1175 2907 2.
1200 2842 1262 2910 en.
1282 2846 1315 2931 4,

202 2955 254 3039 65,
283 2955 304 3018 4
335 2951 481 3034 εὐπραγία
512 2953 609 3025 αὐτοῖς
641 2951 807 3018 ὑποτιθεῖσα
839 2952 926 3033 ίσχὺν
956 2963 1010 3028 τῆς
1040 2955 1168 3028 ἐλπίδος.
1191 2957 1314 3026 Eadem

201 3068 266 3133 fere
287 3066 491 3132 translatione
511 3070 647 3132 utuntur
665 3066 771 3132 Latini
790 3067 946 3133 dicentes:
969 3068 1145 3155 suggerere
1165 3072 1219 3137 uel
1239 3093 1315 3158 sup·

202 3182 351 3267 peditare,
381 3183 400 3245 i.
423 3200 448 3246 e.
472 3181 546 3245 dare
569 3181 625 3245 ubi
648 3183 721 3266 quis
745 3183 917 3248 consistere
939 3186 1048 3268 possit.
1073 3183 1134 3249 efr.
1158 3185 1221 3252 Cic.
1247 3188 1314 3254 Oat.

204 3299 233 3381 2,
258 3296 309 3380 11,
331 3297 381 3360 25.
412 3295 446 3360 Si
478 3296 603 3360 omissis
633 3296 683 3360 his
713 3296 809 3362 rebus
832 3297 988 3382 omnibus
1012 3299 1130 3383 quibus
1152 3320 1213 3367 nos
1238 3323 1314 3389 sup·

202 3411 381 3496 peditamus
405 3409 484 3493 (aliiz
510 3411 761 3496 suppeditamur)
785 3415 855 3496 eget
876 3412 940 3476 ille.
959 3412 1028 3477 Iam
1048 3413 1211 3481 Homerus
1231 3437 1314 3484 usus

203 3529 251 3590 est
273 3525 328 3589 illa
350 3525 548 3609 metaphora3
573 3525 649 3588 item
672 3526 799 3608 saepius
821 3523 939 3589 Herod.
963 3530 994 3591 et
1015 3526 1116 3592 Plato.
1142 3528 1146 3536 '

246 3637 376 3724 Legitur
406 3638 435 3722 6,
467 3638 518 3721 72,
550 3638 568 3700 5
592 3635 746 3715 στέγεσθαι
768 3642 883 3722 tegere,
907 3639 991 3722 quod
1015 3641 1204 3707 translatum
1226 3645 1314 3711 idem

203 3752 289 3817 ualet
318 3757 414 3837 atque
443 3751 611 3818 occultare.
636 3750 696 3814 Gir.
720 3752 749 3835 4,
774 3752 825 3835 34,
849 3753 868 3815 3
893 3751 948 3817 ubi
969 3752 1063 3819 habet
1085 3757 1152 3819 uim
1174 3759 1313 3827 tutandi.

201 3871 280 3938 Νιῑες
303 3863 381 3929 οὐδὲν
403 3863 558 3944 στέγουσαι
581 3866 611 3949 2,
636 3865 686 3949 94,
710 3865 729 3928 3
752 3869 828 3929 sunt
851 3885 950 3931 naues
970 3886 1035 3931 non
1054 3869 1314 3954 impenetrabiles

202 3999 311 4064 aquae.
1387 3958 1390 3963 .

245 4093 417 4171 Ξνγιοεῑσθαι
441 4098 472 4159 et
495 4088 650 4166 ξυντιθέναι
673 4093 756 4156 inter
779 4110 849 4156 sese
871 4095 1013 4177 opposita
1037 4080 1120 4161 sunt.
1143 4096 1216 4164 Hoc
1239 4121 1314 4185 pro-

202 4207 269 4290 prie
293 4226 417 4292 suoque
440 4226 538 4272 sensu
562 4205 699 4270 occurrit
722 4206 752 4289 2,
778 4205 830 4289 75,
854 4205 883 4269 4.
904 4201 1013 4279 ξύλινον
1035 4216 1137 4289 τεῖχος
1156 4208 1313 4288 ξυνθέντες.

198 4319 360 4386 Translate
388 4321 506 4406 legitur
538 4321 566 4404 l,
601 4319 652 4403 21,
677 4319 706 4385 1.
738 4318 774 4390 ὥς
806 4315 983 4402 λογογράφοι
1016 4318 1167 4396 ξυνέθεσαν
1198 4326 1249 4392 ἐπὶ
1277 4331 1310 4395 τὸ
