3038 4980
728 448 789 513 117

205 641 301 720 atque
319 636 409 701 ferox
432 637 565 714 instare3
591 635 644 700 cfr.
668 634 796 700 ἐπέκειτο
819 636 835 708 ἡ
858 635 962 716 οέπορίω
986 639 1015 718 2,
1038 636 1089 719 49,
1111 635 1314 708 554ι1νίοοο

202 749 330 815 ἐπέκειτο
352 752 381 833 2,
406 751 457 833 59,
482 750 510 812 1.
534 749 688 814 Eiusdam
711 752 836 834 generis
861 753 908 814 est
927 749 1118 829 προοκεῖοίοω.
1139 748 1204 814 8115
1217 769 1313 815 sensu

201 865 327 948 proprio
362 865 498 928 occurrit
533 866 563 947 4,
594 865 644 946 33,
675 864 703 926 2.
725 863 926 929 Transfertur
949 863 1004 927 ubi
1027 867 1132 948 agitur
1156 864 1194 928 de
1216 869 1313 928 uento

202 982 233 1041 et
256 976 396 1042 nauibus
422 976 519 1040 simul
543 976 802 1061 aggredientibus
826 978 856 1060 2,
880 978 932 1060 84,
956 979 975 1039 3
998 981 1049 1040 ποῦ
1072 1000 1105 1038 πε
1128 974 1238 1054 οίνέμον
1259 979 1315 1038 πῶν

200 1112 234 1152 πε
256 1087 360 1152 πλοίων
383 1085 452 1166 ίμοο
474 1087 688 1169 προσκειμένων.
715 1088 776 1154 cn.
802 1091 831 1173 7,
857 1091 907 1167 18,
931 1091 948 1151 1
973 1089 987 1151 ο·
1009 1086 1205 1166 Ἀλκιβιάδης
1227 1110 1314 1167 προο-

200 1200 338 1286 κείμενος,
367 1205 498 1268 instans.
531 1201 592 1266 cfr.
620 1204 650 1285 2,
674 1204 725 1286 52,
750 1204 768 1264 3
793 1200 1037 1283 ὑπερβιαζομένου
1060 1206 1110 1265 τοῦ
1133 1205 1223 1266 κοινοῦ
1245 1207 1341 1287 post‘

201 1334 284 1398 quae
305 1335 382 1378 mox
405 1320 585 1398 sequuntur
608 1316 701 1379 haec:
726 1316 755 1386 ές
777 1314 925 1396 ὀλιγωρίαν
953 1313 1115 1396 ἐτρέποντο.

245 1429 413 1493 Aduersus
434 1431 569 1494 telorum
592 1431 675 1493 ictus
699 1429 790 1494 miles
814 1433 914 1493 scuto
929 1448 963 1493 se
987 1427 1132 1493 defendit.
1155 1426 1216 1493 cfr.
1230 1427 1312 1493 Xon.

200 1542 303 1607 Anab.
328 1544 356 1625 1,
379 1545 409 1626 2,
432 1544 483 1606 17.
505 1543 704 1608 Translatum
728 1548 776 1608 est
795 1543 931 1608 uerbum
950 1541 1166 1623 medianarum
1188 1544 1217 1625 1,
1230 1545 1315 1626 37,4

200 1656 233 1719 πὸ
256 1655 395 1735 εὐπρεπὲς
418 1655 559 1720 ἄσπονδον
571 1707 577 1720 .
591 1705 598 1719 .
611 1706 617 1719 .
631 1707 638 1719 .
663 1654 888 1736 προβέβληνται.
910 1657 941 1740 6,
954 1658 1005 1739 92,
1019 1658 1037 1719 5
1050 1655 1099 1719 πὸν
1111 1655 1163 1736 ὑφ’
1176 1653 1315 1719 οὶποίνπων

199 1767 437 1849 προβωλλίμενον
471 1767 556 1846 λίνον
586 1773 606 1834 i.
627 1790 652 1834 5.
685 1770 770 1853 quod
798 1773 935 1855 quisque
959 1771 1050 1854 quasi
1074 1775 1202 1834 scutum
1225 1790 1313 1854 prae-

199 1882 310 1947 tendit.
341 1881 402 1946 cn.
435 1884 464 1966 1,
496 1884 545 1965 73,
577 1885 595 1946 2
629 1883 669 1946 τοὶ
692 1883 723 1947 δὲ
746 1883 867 1957 Μηδικὰ
890 1881 941 1946 aa}
964 1881 1019 1946 ὅσω
1041 1880 1124 1946 ωὑτοὶ
1148 1879 1270 1968 ξιίνωπε,
1293 1883 1316 1947 εί

200 1992 251 2057 aa)
287 1994 322 2058 δι’
354 1993 446 2074 ὄχλον
478 1997 594 2072 μᾶλλον
625 1994 707 2059 έοποω
738 1993 785 2059 oiri
809 1995 1048 2076 προβοολλίμενοι,
1072 1994 1189 2073 dodran
1213 1994 1316 2074 λέγων.

200 2108 438 2174 Herwerdenus
461 2110 578 2174 frustra
602 2111 677 2174 olim
698 2108 953 2189 προβολλομένονι
972 2115 1095 2175 tutatus
1107 2114 1216 2195 postea
1230 2109 1316 2175 Clas-

200 2225 282 2288 senii
304 2225 555 2289 emendationem
577 2229 662 2288 recte
684 2226 840 2309 recepisse
864 2224 1001 2307 uidetur,
1025 2224 1078 2288 cfr.
1104 2224 1315 2307 5,16,1.ux

199 2338 239 2402 iis
270 2357 352 2421 quae
384 2339 412 2421 3,
444 2338 494 2420 63,
525 2340 544 2400 2
577 2339 730 2423 leguntur
761 2334 837 2403 satis
861 2358 1021 2422 superque
1043 2343 1171 2422 apparet
1192 2339 1316 2421 Thucy-

201 2452 307 2517 didem
350 2453 497 2538 clypeum
532 2455 695 2537 cogitasse,
730 2450 763 2525 ἣν
801 2450 1025 2538 (ξωμμωχίοιν)
1062 2450 1145 2516 adro>
1180 2451 1317 2530 μοίλοοποι

184 2563 410 2646 4προβοίλλεοίε,
445 2562 462 2638 ἣ
497 2566 581 2639 ίκοιννί
619 2590 655 2643 γε
677 2560 721 2638 ’ἦν
755 2565 836 2643 ἡμᾶς
866 2590 899 2630 πε
929 2566 1008 2643 ὑμῶν
1039 2564 1225 2646 ἀποτρέπεινε
1252 2589 1315 2652 que

200 2680 325 2745 foedere
354 2700 415 2744 uos
445 2682 507 2765 ipsi
538 2679 717 2762 defenditis
748 2682 897 2765 quodque
925 2684 992 2745 uim
1016 2686 1157 2745 nostram
1182 2702 1200 2745 a
1223 2682 1315 2747 uobis

201 2812 307 2857 arcere
334 2791 543 2878 (ἀποτρέπειν)
570 2799 699 2877 poterat
724 2793 785 2858 uh.
810 2796 838 2876 2,
863 2795 914 2875 87,
938 2795 958 2857 3
981 2791 1032 2856 nai
1053 2791 1096 2870 μὴ
1117 2793 1246 2874 οίπειρίοον
1265 2799 1316 2859 τοῦ

200 2905 324 2986 ἀνδρείου
358 2905 495 2986 ποορίνπος
530 2906 802 2987 προβωλλομένουςε
839 2909 994 2992 imperitia
1029 2909 1121 2991 quasi
1157 2912 1246 2972 scuto
1282 2929 1316 2974 se

200 3022 291 3083 tueri.
326 3019 456 3103 Proprie
490 3020 529 3084 de
562 3021 653 3084 hoste
683 3022 886 3105 aggrediente
918 3021 1035 3085 dicitur
1059 3018 1315 3104 resumptionem,

201 3135 352 3199 translate
376 3135 415 3199 de
438 3135 529 3199 malis
553 3141 583 3200 et
607 3134 848 3218 calamitatibus
874 3153 955 3218 quae
979 3134 1122 3198 homines
1145 3134 1314 3198 inuadunt.

201 3248 263 3312 cfr.
286 3251 316 3331 4,
340 3250 380 3311 32
404 3251 439 3312 111
462 3248 542 3329 11115,
567 3252 595 3331 2,
620 3250 670 3330 54,
695 3251 731 3328 33
756 3251 786 3331 4,
810 3248 862 3330 20,
887 3249 914 3310 1.
937 3247 1057 3311 Eodem
1081 3226 1178 3311 sensu
1198 3248 1313 3311 dicitur

201 3358 417 3437 ἐπιλαμβάνειν
448 3362 486 3425 de
516 3360 626 3425 morbo
658 3362 687 3443 2,
719 3363 769 3442 51,
794 3362 831 3441 6,
856 3362 894 3425 de
917 3360 1055 3444 procella
1079 3366 1174 3443 atque
1196 3364 1315 3443 tempe·

202 3479 281 3539 state
315 3477 344 3557 4,
380 3475 432 3557 27,
463 3476 492 3540 1.
527 3474 579 3539 815
613 3476 707 3539 etiam
743 3459 781 3539 de
812 3475 948 3539 diuersis
978 3474 1081 3556 malis,
1104 3477 1140 3536 ut
1163 3473 1201 3536 de
1223 3477 1313 3536 motu

201 3593 311 3666 terrae,
334 3589 410 3651 solis
434 3587 617 3670 defectione,
639 3587 748 3652 morho
772 3593 829 3652 etc.
854 3587 986 3650 dicitur:
1011 3589 1111 3649 τοῦτον
1132 3583 1189 3663 γὰρ
1212 3581 1313 3648 ποίνοω

202 3700 282 3778 μετὰ
315 3700 398 3765 τοῦδε
431 3704 481 3764 ποῦ
514 3699 644 3777 πολέμου
677 3698 746 3778 ίίμοι
780 3697 955 3774 ξυνεπέθετο.
986 3698 1038 3764 Sic
1068 3705 1104 3763 ut
1126 3701 1251 3783 proprie
1275 3700 1313 3764 de

201 3816 347 3880 hostibus
380 3817 408 3897 3,
424 3833 427 3839 ’
441 3816 513 3898 112,
546 3817 565 3879 3
597 3821 627 3879 et
656 3817 684 3896 3,
709 3818 737 3898 3,
761 3817 780 3878 3
806 3817 906 3879 utitur
927 3813 1127 3894 Thucydides
1150 3810 1313 3876 ἐπιπίπτειν

200 3932 245 3993 ita
279 3930 371 3993 etiam
406 3929 616 4013 metaphorice
651 3929 690 3993 de
720 3929 815 3994 rebus
844 3930 985 4013 ingratis.
1017 3929 1046 4010 3,
1069 3928 1121 4009 82,
1145 3928 1164 3988 2
1187 3924 1312 3988 ἐπέπεσε

202 4041 301 4105 πολλοὶ
323 4038 372 4104 κοοὶ
394 4040 532 4124 χωλεποί,
556 4047 587 4106 et
611 4044 639 4125 3,
664 4043 715 4125 87,
739 4045 756 4105 1
783 4042 799 4113 ἡ
823 4041 901 4113 νίοος
925 4040 1048 4104 ἐπέπεσε
1066 4047 1124 4111 τοῖς
1143 4038 1312 4112 ’Aternius

203 4155 263 4219 Cfr.
289 4156 317 4238 7,
340 4155 392 4239 80,
417 4157 436 4218 3
459 4153 598 4232 ἐμπίπτει
617 4157 748 4235 ποοροιχιί.
769 4155 887 4220 Hostes
906 4156 1047 4218 hostium
1067 4155 1210 4219 aduentu
1223 4173 1314 4236 saepe

203 4273 406 4352 occupantur.
437 4269 612 4333 Translatio
642 4269 717 4332 inde
751 4274 799 4332 est
821 4273 851 4351 4,
877 4269 928 4349 96,
951 4270 970 4330 8
994 4264 1192 4342 ἕπολοοβούονς
1215 4264 1315 4336 νυκτὸς
