3038 4980
829 518 871 579 24

290 711 354 773 tom
389 707 461 771 otio.
496 702 641 785 Ἐγείρειν.
674 702 745 768 Ηοο
775 703 919 786 uerbum,
951 703 1036 787 quod
1069 704 1108 768 de
1138 705 1267 770 homine
1292 705 1407 771 aliisue

289 819 504 888 animantibus
527 839 544 884 e
567 839 677 885 somno
701 820 848 884 excitatis
869 820 993 903 proprie
1014 818 1140 902 dicitur,
1160 820 1236 884 hinc
1255 820 1295 883 ad
1316 823 1409 885 uaria

290 934 486 1001 transfertur.
510 933 562 998 Sic
586 934 701 998 dieitur
722 935 807 1018 ignis
827 935 919 1016 quasi
931 934 1053 1017 sopitus
1066 934 1199 998 excitari
1210 934 1264 998 uel
1277 934 1404 999 admoto

289 1049 398 1113 fomite
432 1047 485 1112 uel
518 1046 655 1112 follibus.
691 1045 752 1110 cfr.
782 1046 929 1131 Xenoph.
960 1047 1070 1132 Symp.
1103 1049 1132 1130 2,
1157 1049 1199 1111 24
1221 1046 1234 1110 i
1259 1041 1329 1120 οίνος
1353 1046 1410 1120 πίοι

290 1157 508 1244 φιλοφροσύναις
531 1157 623 1241 ίίοπερ
647 1157 742 1224 ἐλοιιον
764 1158 870 1241 φλίγοι
893 1158 990 1241 ε’γείρει
1014 1165 1046 1225 et
1065 1160 1226 1247 Aristoph.
1245 1160 1321 1243 Lys.
1343 1163 1407 1226 306

291 1274 371 1341 πονπ1
395 1275 427 1341 πὸ
450 1278 504 1358 πῦρ
527 1273 676 1356 ἐγρήγορεν
701 1275 768 1338 θεῶν
790 1272 872 1339 ἕκοιπι
896 1273 948 1339 κοιί
964 1273 1017 1371 ζῇ.

334 1391 466 1476 Legitur
493 1391 522 1474 1,
547 1390 619 1474 121,
645 1390 662 1452 1
687 1389 813 1467 πόλεμον
837 1387 981 1470 ἐγείρομεν
993 1438 1000 1453 .
1013 1439 1020 1453 .
1033 1440 1040 1454 .
1054 1439 1060 1453 .
1083 1387 1135 1453 aui
1149 1439 1156 1453 .
1169 1440 1175 1454 .
1189 1439 1195 1453 .
1209 1440 1216 1454 .
1240 1389 1407 1465 κοοποιθνοί-

292 1504 368 1584 μείοι
403 1501 497 1568 aicta.
530 1503 685 1569 Dubitare
717 1505 769 1568 hic
802 1504 878 1569 licet
911 1524 952 1568 an
989 1505 1152 1589 scripserit
1185 1504 1409 1587 Thucydides:

291 1614 535 1695 κοοποοοβέοομενε
569 1618 603 1681 id
636 1637 711 1683 sane
745 1619 856 1702 negari
891 1637 957 1682 non
990 1622 1093 1702 potest
1127 1620 1314 1703 scriptorem
1350 1620 1410 1684 hac

292 1732 501 1797 similitudine
524 1751 619 1796 usum
642 1731 743 1795 multo
765 1732 880 1796 melius
901 1736 1178 1816 perseueraturum
1190 1732 1300 1798 fuisse.
1312 1732 1411 1798 Nunc

293 1846 375 1910 duae
408 1845 574 1930 imagines,
608 1864 744 1930 quarum
775 1845 874 1909 altera
904 1865 922 1909 a
953 1865 1064 1911 somno
1097 1845 1195 1910 altera
1218 1868 1237 1911 a
1260 1846 1339 1912 ludo
1364 1851 1413 1913 est

294 1959 402 2043 ducta,
425 1963 502 2023 sunt
523 1960 709 2044 permixtae.

337 2074 383 2137 At
415 2073 583 2138 redeamus
617 2073 656 2137 ad
688 2071 938 2156 translationem,
969 2071 1007 2137 de
1039 2093 1103 2156 qua
1121 2071 1215 2137 nobis
1239 2074 1411 2158 agendum.

152 2235 157 2259 .
292 2187 361 2252 Iam
384 2187 469 2273 apud
487 2185 665 2251 Homerum
689 2186 727 2250 Il.
752 2186 804 2270 11,
828 2187 908 2267 213;
935 2186 985 2270 19,
1009 2188 1087 2268 237,
1112 2189 1142 2271 2,
1164 2188 1245 2269 240,
1270 2190 1301 2272 4,
1326 2191 1409 2271 352,

295 2303 324 2383 8,
368 2302 450 2383 5313
494 2302 545 2385 18,
581 2301 645 2365 304
679 2302 854 2366 inuenitur.
887 2299 1068 2366 Herodotus
1104 2321 1233 2386 quoque
1269 2303 1299 2386 8,
1336 2304 1411 2368 142.

294 2416 421 2500 scripsit
451 2411 583 2495 ἦγείροιπε
613 2412 670 2495 γίιρ
698 2412 778 2478 τόνδε
809 2413 857 2478 τὸν
886 2415 1023 2492 πόλεμον.
1056 2413 1116 2479 cfr.
1141 2417 1235 2480 etiam
1259 2415 1411 2502 Xenoph.

293 2528 388 2613 Hipp.
409 2529 437 2612 1,
458 2529 509 2612 19,
527 2527 639 2610 Polyb.
660 2528 711 2612 15,
732 2529 760 2612 l,
781 2530 809 2592 2.
821 2528 932 2612 Imago
941 2525 1068 2612 'integra
1080 2530 1408 2598 occurritinSolonis

295 2643 451 2717 ὑποίνκοιις
475 2642 515 2716 είς
534 2642 702 2716 Ἀίνρνονίονς
722 2644 773 2706 21.
794 2639 810 2715 ἣ
831 2640 934 2705 σποίοιν
954 2639 1088 2721 ἔμφυλον
1107 2640 1234 2720 πόλεμόν
1256 2644 1279 2708 θ’
1300 2640 1409 2710 εὕδοντ’

293 2755 440 2838 ἐπεγείρει.
463 2757 590 2822 Bellum
614 2757 666 2821 hic
688 2756 819 2842 fingitur
843 2757 1003 2821 dormiens
1027 2761 1058 2820 et
1077 2777 1095 2822 e
1114 2776 1226 2823 somno
1239 2761 1410 2825 excitatur.

294 2871 455 2957 Aristoph.
477 2869 586 2935 Ranae
610 2870 673 2934 360
697 2867 800 2934 οποίοιν
823 2867 958 2952 ἀνεγείρει
981 2868 1032 2934 aci
1047 2868 1160 2952 ῥιπίζει.
1179 2870 1314 2937 Homini
1336 2875 1409 2939 dor-

294 2972 406 3050 mienti
437 2985 550 3051 similis
574 2988 622 3050 est
643 2985 727 3070 ignis
751 2987 844 3068 quasi
868 2985 991 3068 sopitus
1016 2984 1152 3050 obducto
1177 2988 1301 3070 cinere3
1325 2990 1412 3054 eius-

295 3099 382 3164 modi
415 3103 522 3164 autem
551 3100 636 3184 ignis
666 3099 800 3163 admotis
831 3097 960 3163 follibus
983 3098 1062 3163 flatu
1085 3100 1277 3165 accenditur.
1302 3101 1356 3166 Sic
1380 3108 1414 3168 et

294 3210 406 3285 οποίοις.
440 3213 602 3278 Gradatim
633 3213 732 3298 igitur
755 3216 824 3277 orta
846 3216 894 3278 est
917 3213 1091 3278 translatio
1117 3215 1146 3298 7,
1169 3215 1220 3298 cl,
1245 3216 1262 3277 1
1289 3214 1411 3284 Omnes

293 3328 417 3393 codices
437 3327 514 3393 dant
533 3324 716 3407 ἐγηγερμένον
736 3347 801 3392 uno
823 3326 977 3392 Uaticano
998 3333 1141 3413 excepto,
1160 3330 1193 3393 in
1215 3350 1279 3414 quo
1291 3331 1413 3418 legitur

294 3441 455 3523 ἐπνρμένοι.
487 3442 567 3507 Mihi
596 3444 648 3506 hic
673 3443 764 3508 locus
787 3442 959 3508 uidebatur
979 3463 1045 3507 non
1067 3445 1328 3530 praetereundus,
1354 3449 1412 3514 sed

296 3558 389 3622 credo
424 3562 508 3623 recte
538 3557 651 3622 iecisse
674 3576 738 3641 eos,
761 3559 818 3642 qui
839 3557 988 3622 Uaticani
1010 3559 1178 3624 lectionem
1201 3567 1409 3647 receperunt3

293 3691 368 3735 nam
391 3690 469 3737 uera
492 3672 643 3736 uidentur
667 3691 749 3756 quae
772 3671 897 3755 scripsit
917 3671 1043 3756 Poppo:
1068 3673 1276 3755 „inusitatum
1289 3680 1338 3740 est
1352 3677 1413 3742 hoc

295 3805 393 3851 sensu
426 3787 512 3871 apud
543 3806 654 3871 prosae
686 3787 837 3851 orationis
868 3788 1036 3873 scriptores
1060 3787 1196 3853 uerbum
1209 3787 1356 3869 »ε’γείρειν”
1380 3797 1413 3856 et

295 3901 394 3967 uerbo
429 3898 550 3984 ἐποίρειν
586 3903 713 3987 saepius
751 3900 835 3988 apud
869 3901 1085 3985 Thucydidem
1122 3922 1159 3967 ea
1190 3902 1334 3968 subiecta
1365 3908 1414 3971 est

296 4015 394 4098 notio,
425 4035 489 4099 qua
515 4016 567 4079 hic
590 4035 671 4101 opus
695 4034 765 4081 esse
790 4034 899 4080 omnes
923 4017 1135 4081 consentiunt.
1160 4015 1222 4081 Cir.
1244 4019 1272 4096 2,
1298 4018 1349 4104 11,
1373 4020 1413 4101 2,

296 4131 326 4213 8,
349 4130 380 4213 2,
408 4129 437 4193 1.
