3038 4980
817 463 880 528 102

294 648 448 713 deleuerit
472 648 563 731 quasi
584 648 743 732 'glossema
757 648 902 714 uerbum
926 647 1019 714 θὲοθου
1042 655 1074 716 et
1096 650 1307 730 βουλευόμενοι,
1321 655 1409 740 quod

300 761 435 826 uerbum
460 766 507 826 est
530 762 691 844 traditum,
713 764 916 828 retinendum
937 767 1146 850 proposuerit.
1168 766 1212 830 At
1234 786 1301 831 non
1312 768 1410 833 uideo

297 895 392 960 quem
417 880 577 941 auctorem
602 881 731 953 secutus
742 881 932 943 sententiam
944 880 1037 944 modo
1048 899 1247 964 numeroque
1258 882 1409 965 priuandi

294 990 401 1054 credat
435 989 496 1054 sibi
527 1009 596 1054 esse
621 990 791 1056 licentiam.
823 991 883 1056 Gfr.
915 995 944 1076 4,
976 994 1027 1076 61,
1058 995 1094 1075 63
1120 996 1149 1077 8,
1174 995 1225 1078 84,
1249 995 1277 1058 5.
1302 999 1409 1068 Καλῶς

293 1101 387 1167 θὲοθονο
417 1104 573 1187 reperitur
602 1105 632 1188 4,
664 1105 714 1188 17,
744 1106 774 1169 4.
805 1104 980 1171 Scholiasta
1002 1107 1409 1192 11161ρ1616111ἒν1οοννετῶς

294 1216 446 1288 hlotarium.
483 1216 644 1295 Εὐπρεπῶς
668 1216 761 1282 θὲοθοον
785 1220 813 1301 l,
837 1221 889 1304 82,
912 1220 940 1283 6.
964 1218 1025 1284 Ofr.
1047 1219 1124 1285 Hor.
1149 1219 1205 1285 Od.
1232 1223 1263 1306 3,
1284 1223 1337 1303 29,
1358 1223 1408 1285 32.

295 1326 387 1405 Quod
421 1329 509 1393 adest
542 1335 700 1395 memento
735 1350 923 1415 componere
957 1335 1100 1417 aequius.
1135 1331 1282 1398 Occurrit
1312 1335 1408 1399 etiam

296 1443 480 1527 simpliciter
510 1440 634 1505 ον’θεοθου
659 1446 687 1526 5,
711 1445 762 1528 80,
788 1446 826 1526 1;
853 1447 881 1528 1,
904 1448 955 1529 25,
980 1447 1009 1509 1.
1033 1445 1108 1512 Huc
1130 1448 1224 1511 etiam
1248 1449 1409 1531 pertinere

295 1555 446 1619 uidentur
468 1555 499 1638 5,
522 1555 574 1637 46,
600 1556 616 1616 l
643 1548 674 1617 εὖ
697 1555 827 1620 ἑστώτων
849 1561 905 1621 τῶν
927 1557 1113 1638 πραγμάτων
1137 1565 1168 1624 et
1194 1560 1221 1642 l,
1244 1561 1299 1642 41,
1323 1561 1342 1622 3
1370 1558 1410 1622 τοὶ

299 1670 385 1734 οἰκεῖον
407 1674 502 1748 χεῖρον
524 1667 655 1732 οθθεντοον.

486 2068 505 2149 5
531 2066 569 2129 17
574 2116 580 2131 .
604 2063 842 2130 Trouslotiooes
864 2084 886 2128 o
902 2063 1067 2148 μαθοοοθνο
1088 2068 1238 2150 sumptae.

344 2253 444 2318 Ludis
467 2255 625 2338 gymnicis
649 2255 766 2317 uicisse
788 2253 971 2336 praesertim
996 2251 1114 2336 quibus
1132 2251 1334 2332 Thucydides
1352 2251 1414 2316 fuit

301 2366 496 2451 temporibus
516 2367 587 2431 laus
610 2385 735 2431 summa
758 2370 841 2447 erat3
866 2385 962 2450 quam
987 2365 1026 2429 ob
1048 2384 1115 2430 rem
1135 2367 1168 2428 in
1181 2365 1303 2430 deliciis
1314 2364 1410 2429 habe

297 2481 412 2545 bantur
446 2480 515 2544 ludi
549 2481 750 2562 sermonique
779 2480 936 2543 cotidiano
959 2478 1153 2563 praebebant
1174 2482 1409 2562 argumentum,

297 2614 371 2659 cum
393 2596 428 2657 in
453 2593 564 2677 lingua
586 2596 777 2678 personaret,
801 2592 886 2675 quod
908 2593 943 2655 in
965 2591 1059 2656 corde
1081 2590 1264 2655 abundaret
1288 2590 1408 2656 Secun-

299 2710 375 2773 dum
408 2710 555 2772 natiuum
590 2707 761 2772 uerborum
793 2725 924 2771 sensum
953 2706 1090 2770 occurrit
1120 2704 1200 2783 θμθν
1232 2706 1261 2788 1,
1285 2706 1314 2787 6,
1339 2706 1357 2768 5
1381 2705 1409 2768 ἐν

299 2821 339 2901 τῷ
374 2821 562 2901 Ολυμπνοοκῷ
595 2821 693 2898 dybur.
725 2820 785 2885 Ofr.
818 2822 847 2904 5,
879 2823 929 2904 50,
953 2823 983 2886 5.
1006 2820 1178 2885 Transtulit
1201 2825 1309 2885 autem
1332 2821 1409 2885 alios

303 2939 432 3000 secutus
454 2934 655 3016 Thucydides
677 2933 734 2998 ubi
758 2936 862 3019 agitur
884 2935 922 2999 de
941 2934 1024 2999 bello
1038 2933 1076 2999 de
1087 2933 1227 3017 bellique
1237 2933 1409 2998 laboribus.

301 3048 353 3111 Sic
384 3049 423 3112 de
445 3049 564 3132 proelio
587 3048 695 3111 nauali
719 3051 747 3127 9,
770 3050 822 3130 89,
845 3050 864 3111 8
889 3048 1057 3131 depugna
1079 3049 1109 3128 4,
1134 3047 1184 3128 95,
1206 3047 1236 3109 2.
1259 3044 1308 3111 De
1332 3066 1410 3131 quo·

300 3181 429 3246 cunque
463 3163 633 3226 certamine
664 3164 693 3245 2,
724 3164 776 3244 45,
807 3164 823 3223 1
855 3161 913 3243 ὁρῶ,
943 3160 1081 3225 Pericles
1103 3161 1217 3243 inquit,
1240 3157 1342 3237 μέμοον
1363 3161 1411 3224 τὸν

301 3276 421 3353 abydum
451 3275 526 3340 filiis
558 3281 665 3340 autem
696 3275 810 3339 horum
841 3275 894 3338 uel
923 3273 1083 3356 iratribus,
1107 3277 1263 3357 quotquot
1286 3273 1413 3356 adestis,

303 3409 455 3473 magnum
478 3389 571 3453 uideo
595 3389 792 3472 propositum
816 3407 885 3453 esse
904 3391 1077 3468 certamen3
1093 3388 1123 3471 3,
1137 3388 1188 3469 57,
1200 3388 1219 3449 3
1231 3383 1281 3449 δύο
1292 3385 1412 3462 οἰνῶνας

302 3502 367 3574 τοὺς
391 3501 547 3579 μεγίστους
571 3500 755 3578 ὑπέστημεντ
779 3502 860 3565 illud
878 3506 955 3566 tunc
974 3521 1015 3566 116
1032 3501 1115 3565 fame
1127 3518 1413 3565 necaremurnunc

302 3618 362 3681 hoc
384 3636 425 3681 ne
449 3617 559 3699 capitis
584 3614 778 3698 damnemur,
791 3615 829 3679 de
841 3616 1012 3679 certamine
1025 3619 1184 3678 oratorum
1197 3613 1228 3676 οὐ
1239 3613 1336 3690 λόγων
1347 3612 1414 3685 τοὺς

303 3733 420 3807 ἀγῶνοις
443 3728 627 3809 προθθοοντες
649 3728 720 3792 ἀλλ’
744 3725 831 3808 ἔργων
855 3730 883 3811 3,
908 3729 958 3811 76,
982 3729 1011 3791 6.
1034 3727 1086 3792 Sic
1105 3746 1232 3811 quoque
1252 3727 1291 3792 de
1312 3732 1415 3792 orato·

303 3845 393 3909 ribus
411 3863 521 3928 agens
553 3845 581 3926 3,
612 3844 664 3926 40,
691 3845 709 3906 3
736 3842 832 3907 Cleon
855 3842 932 3906 dicit
954 3836 1062 3915 ἕξουσιν
1085 3842 1114 3904 ἕν
1137 3838 1237 3914 ἄλλοις
1259 3840 1417 3907 ἕλοθοοοονν

304 3957 423 4035 ἀγῶνοις
447 3977 538 4022 suam
562 3958 729 4020 inueniant
751 3975 887 4020 arenam.
910 3955 1030 4019 Eadem
1050 3953 1147 4018 Cleon
1166 3954 1326 4038 cogitabat
1337 3957 1417 4022 haec

305 4090 378 4134 cum
413 4070 551 4134 dicebat:
586 4068 688 4140 ἁπλῶς
722 4091 755 4131 τε
789 4061 878 4139 ἀκοῆς
908 4066 991 4146 ἡδονῇ
1015 4065 1173 4143 ἡσσώμενοι
1195 4064 1244 4130 κυνὶ
1267 4072 1418 4149 οοφνοτῶν

307 4186 422 4254 θεοντουῐς
457 4181 561 4253 εῐκθτες
595 4180 764 4259 κοοθνμένονς
795 4182 910 4257 μᾶλλον
940 4177 956 4253 ἢ
980 4177 1172 4260 recludatur
1195 4178 1418 4258 βουλευομένους

308 4300 336 4380 3,
367 4299 418 4381 38,
450 4299 477 4360 7.
502 4299 630 4381 Apertis
653 4296 703 4361 his
726 4295 833 4360 uerbis
857 4294 963 4378 Cleon,
987 4297 1043 4379 qui
1065 4300 1156 4379 putat
1180 4296 1285 4358 omnia
1308 4298 1419 4380 reipu-
