3038 4980
681 467 700 530 'l

172 656 269 722 Nunc
298 657 410 741 paucis
440 657 609 722 uideamus
639 656 680 721 ad
711 661 789 744 quid
811 663 853 726 sit
874 661 963 726 utilis
986 658 1240 742 metaphorarum

126 773 332 856 inuestigatio
355 775 386 836 et
410 791 509 857 quare
531 773 643 838 acriter
666 792 759 859 saepe
778 776 839 838 riri
859 777 944 841 docti
955 776 978 858 1)
998 775 1039 838 ad
1058 772 1242 837 huiusmodi

126 883 252 950 labores
282 886 501 970 suscipiendos
524 906 584 951 nos
604 888 816 954 cohortentur.
839 889 928 955 Haec
950 887 1152 972 investigatio
1176 904 1242 950 non

127 999 233 1063 solum
265 1000 405 1064 multum
438 998 533 1065 habet
567 1000 785 1066 delectationis
816 1003 872 1068 sed
903 1004 997 1068 ctiam
1019 1002 1138 1067 mirum
1161 1000 1241 1084 quid

126 1113 215 1177 ualet
236 1112 274 1177 ad
299 1117 399 1178 artem
424 1115 578 1179 sermonis
601 1116 693 1180 uelut
715 1117 989 1182 architectonicam
1013 1116 1108 1200 digne
1129 1114 1241 1179 diluci-

33 1278 36 1282 .
127 1227 232 1311 deque
263 1228 506 1312 percipiendam.
538 1229 591 1293 Ad
621 1228 721 1294 uerba
750 1230 880 1296 Ioannis
910 1231 1005 1295 Pauli
1036 1247 1118 1314 quae
1143 1248 1244 1313 supra

43 1401 45 1404 .
125 1341 333 1406 laudauimus
356 1341 568 1408 Schwartzius
581 1343 603 1424 2)
625 1349 711 1410 recte
734 1349 880 1410 annotat:
903 1345 1088 1428 ,inuenitur
1107 1345 1140 1407 in
1160 1363 1241 1407 una·

128 1475 257 1540 quaque
290 1457 401 1541 lingua
433 1456 689 1541 metaphorarum
722 1460 812 1544 copia
841 1459 906 1524 fere
936 1458 1076 1537 infinita3
1101 1476 1240 1541 namque
1296 1470 1300 1484 ·

125 1574 251 1653 practer
280 1587 343 1653 eas,
374 1589 453 1664 quas
485 1572 623 1655 quisque
649 1571 741 1636 facile
763 1572 927 1657 intellegit,
950 1572 1050 1636 multa
1073 1569 1240 1653 uocabula,

127 1702 210 1767 quae
231 1684 334 1767 primo
359 1683 471 1748 obtutu
494 1684 757 1770 significationem
776 1706 868 1751 suam
888 1686 1095 1771 principalem
1107 1704 1238 1770 prorsus

125 1799 297 1863 retinuisse
329 1799 492 1884 uidentur,
524 1800 696 1865 dummodo
728 1820 838 1866 eorum
870 1801 999 1886 stirpem
1031 1805 1062 1865 et
1085 1799 1240 1884 principia

125 1913 325 1998 indagemus,
348 1917 379 1977 et
409 1915 478 1998 ipsa
502 1915 681 1998 antiquitus
703 1935 722 1979 a
743 1934 779 1980 re
803 1915 900 1980 simili
922 1916 1020 2000 petita
1042 1932 1240 1999 cognoscun-

125 2025 210 2091 tur.''
233 2025 436 2111 Metaphorae
459 2032 536 2092 sunt
559 2030 652 2113 quasi
675 2030 836 2094 columina
856 2028 974 2114 quibus
993 2033 1095 2093 totum
1106 2028 1241 2093 humani

126 2141 283 2205 sermonis
313 2142 426 2206 nititur
455 2142 643 2226 aedificium,
673 2147 705 2208 et
736 2143 854 2228 quibus
877 2145 1067 2229 posteriores
1090 2143 1141 2208 usi
1165 2146 1241 2207 sunt

125 2256 349 2320 translationes
375 2255 500 2321 fructus
522 2257 656 2340 putandi
680 2262 757 2323 sunt
779 2256 938 2342 arborum,
963 2277 1100 2342 quarum
1119 2259 1241 2322 semina

124 2371 299 2454 primaeuis
320 2371 518 2455 temporibus
541 2376 617 2436 sunt
640 2391 755 2456 sparsa.
778 2372 831 2456 At,
854 2377 891 2437 ut
912 2372 1156 2436 translationum
1177 2372 1238 2436 ori-

124 2486 233 2570 ginem
263 2504 300 2549 ac
322 2486 575 2570 progressionem
598 2485 658 2550 rite
680 2505 919 2570 persequamur,
942 2487 1041 2551 totius
1065 2489 1150 2551 certe
1173 2505 1239 2550 ma·

125 2599 223 2663 toriae
253 2598 485 2683 conquisitione
517 2603 548 2663 et
577 2599 784 2682 dispositione
807 2600 1051 2685 diligentissima
1075 2619 1156 2685 opus
1181 2602 1240 2683 est,

124 2716 163 2777 ut
193 2732 289 2797 quam
318 2713 459 2777 maxima
482 2710 574 2776 nobis
597 2717 722 2797 praesto
745 2714 788 2777 sit
810 2715 908 2797 copia.
934 2712 1038 2789 Quare
1060 2713 1141 2778 bene
1163 2713 1238 2801 lecit

124 2829 178 2892 uir
212 2828 415 2892 doctissimus
443 2822 645 2908 Bliimmer3)
677 2828 762 2912 quod
792 2829 852 2892 hoc
875 2826 936 2892 sibi
955 2830 1120 2913 proposuit
1143 2804 1174 2892 ct
1191 2846 1239 2892 ex

124 2946 214 3026 parte
241 2944 305 3006 iam
328 2941 478 3027 perficere
502 2944 606 3026 coepit
628 2961 738 3006 omnes
762 2942 903 3006 omnium
929 2943 1119 3026 scriptorum
1142 2941 1238 3006 Grae

125 3075 237 3120 corum
267 3039 408 3120 conferre
438 3056 670 3138 translationes,
695 3054 816 3140 lapides
847 3060 884 3120 ut
907 3057 972 3120 sint
995 3055 1113 3141 quibus
1134 3059 1238 3120 totum

125 3170 380 3254 metaphorarum
402 3168 728 3233 aedificiumexstrui
750 3168 860 3252 possit.

168 3285 260 3349 Alter
279 3285 377 3348 huius
395 3284 652 3368 inuestigationis
664 3282 789 3347 fructus
801 3283 853 3347 hic
864 3286 919 3347 est.
930 3281 1134 3368 Metaphorae
1145 3302 1262 3359 accu-,

125 3403 192 3466 rate
211 3399 393 3484 exploratae
411 3417 476 3461 non
493 3417 607 3480 parum
626 3390 797 3481 proficiunt
815 3397 855 3461 ad
874 3397 1074 3482 singulorum
1093 3397 1237 3461 locorum

124 3515 425 3599 interpretationem,
447 3531 508 3577 nec
529 3513 637 3576 minus
656 3515 765 3596 artem,
784 3512 893 3576 critica
913 3530 996 3595 quae
1007 3511 1131 3594 dicitur,
1144 3510 1237 3575 ualde

124 3631 247 3695 iuuant.
271 3627 403 3712 Saepius
428 3627 513 3691 enim
536 3625 728 3711 metaphora,
748 3644 830 3710 quae
850 3625 993 3689 aliolocc
1006 3625 1171 3689 obscurior
1183 3623 1237 3689 uel

126 3784 272 3795 ...—-—

160 3864 187 3932 l)
207 3864 380 3924 Brinkmann,
405 3863 452 3913 Die
477 3861 637 3927 Metaphern,
662 3859 770 3912 Studien
795 3861 859 3912 iiber
885 3861 934 3911 den
951 3859 1022 3910 Geist
1038 3860 1084 3910 der
1099 3859 1239 3910 modernen

126 3958 263 4025 Sprachen.
280 3959 361 4021 Bonn‚
378 3954 452 4007 1878.

159 4049 186 4115 2)
203 4049 232 4101 Ε.
258 4048 396 4111 Schwartz,
423 4047 460 4098 De
482 4046 638 4111 Metaphcris
662 4061 677 4096 e
700 4046 765 4097 mari
783 4050 810 4097 et
825 4061 854 4097 re
871 4044 960 4096 nauali
975 4044 1062 4109 petitis
1078 4044 1240 4110 quaestiones

126 4141 285 4208 Euripideae.
300 4139 405 4190 Dissert.
424 4139 514 4205 inaug.
532 4135 702 4189 Kiliae1878.

157 4232 182 4295 3)
200 4233 333 4283 Blimmer
354 4231 427 4291 libro,
450 4245 529 4295 quem
551 4244 629 4294 supra
645 4229 810 4280 laudauimus
826 4232 853 4281 et
869 4229 898 4281 in
915 4228 991 4280 nouis
1008 4228 1144 4282 annalibus
1163 4225 1235 4297 1891,

126 4340 181 4392 pag.
198 4322 307 4389 9seqq.:
325 4323 371 4374 Die
387 4322 518 4389 Metapher
534 4321 576 4374 bei
593 4319 743 4374 Herodotos.
