3038 4980
740 511 783 573 49

198 702 266 763 tam
295 696 375 762 bene
406 697 488 761 uidit
499 697 533 781 1).
560 696 658 761 Nulla
679 699 765 761 enim
787 697 836 761 his
861 697 966 762 uerbis
989 698 1202 782 Thucydideis
1224 703 1310 767 inest

198 813 391 897 metaphora,
414 816 450 876 ut
469 809 522 875 καὶ
543 810 648 892 τυφλῷ
671 809 765 884 δῆλον,
789 813 823 874 ni
844 811 943 875 fallor.
962 813 1077 878 Totum
1099 815 1310 899 inspiciamus

197 927 321 991 locum:
349 922 463 1006 Πρῶτόν
492 948 525 989 πε
555 919 621 1006 ἦρξε
642 923 694 988 καὶ
717 926 746 997 ἐς
768 917 871 988 πῶλλα
893 932 929 1007 πῇ
953 923 1034 989 πόλει
1057 924 1107 989 ἐπὶ
1131 926 1218 992 πλέον
1249 929 1315 993 οἰνο-

199 1037 274 1116 μίας
296 1039 328 1103 τὸ
352 1037 475 1117 νόσημα,
502 1038 671 1104 Genitiuus
690 1036 815 1116 ἀνομίας
835 1040 888 1103 hic
907 1060 972 1104 non
993 1041 1108 1124 pendet
1121 1061 1163 1106 ex
1175 1042 1314 1108 formula

200 1149 252 1215 ἐπὶ
275 1149 362 1216 πλέον
375 1150 408 1236 ²),
435 1156 469 1216 ut
492 1154 716 1237 intorpretatur
740 1151 923 1218 Classenius
948 1191 989 1200 -
1013 1154 1068 1219 cfr.
1092 1156 1122 1238 2,
1147 1157 1198 1241 51,
1222 1156 1251 1241 6,
1275 1194 1316 1204 -

201 1285 317 1350 neque,
351 1271 388 1330 ut
418 1265 545 1331 Coenen
575 1271 674 1352 putat,
697 1286 739 1331 ex
760 1266 859 1331 uerbo
883 1264 1016 1350 νόσομα;
1041 1269 1119 1334 haec
1142 1289 1219 1335 uero
1242 1272 1315 1336 iun-

200 1380 306 1464 genda
336 1385 426 1445 sunt:
458 1377 535 1461 ἄρξει
569 1379 667 1466 (ἀρχα
698 1380 872 1466 γενήσεται)
900 1380 1035 1459 ῶνομίας.
1061 1384 1203 1469 Apparet
1226 1386 1318 1450 lucu·

203 1495 307 1558 lenter
339 1513 380 1559 ex
414 1496 454 1558 iis
486 1513 567 1578 quae
597 1496 810 1559 inueniuntur
842 1496 871 1579 2,
905 1495 955 1580 12,
979 1498 998 1559 3
1022 1491 1112 1569 111εῆ
1137 1494 1232 1578 ἡμέρα
1255 1503 1317 1570 σοῖς

203 1603 335 1680 Ἕλλησι
369 1605 509 1685 μεγάλαν
538 1610 633 1672 κακῶν
662 1604 748 1688 ἄρξει.
782 1607 845 1673 Hic
878 1610 945 1674 dies
977 1609 1105 1676 Graecis
1128 1632 1317 1698 magnorum

162 1766 165 1770 .
204 1725 363 1787 malorum
387 1725 446 1787 erit
468 1724 613 1804 initium3
639 1724 726 1808 quod
749 1724 869 1788 dictum
893 1724 1059 1810 Melesippi
1081 1727 1115 1789 in
1138 1728 1244 1792 animo
1264 1729 1319 1793 ha·

203 1837 315 1902 buisse
349 1837 528 1922 Uergilium
560 1842 637 1922 puto
667 1857 741 1902 cum
772 1837 897 1902 scribit:
926 1837 986 1903 Ille
1019 1839 1087 1904 dies
1117 1842 1241 1924 primns
1263 1841 1319 1907 leti

204 1953 393 2036 primusque
424 1952 587 2015 malorum.
618 1951 698 2016 Aen.
722 1952 752 2026 4,
780 1951 853 2014 169.
877 1950 937 2014 Ofr.
961 1951 1035 2018 Sall.
1059 1952 1133 2038 Jug.
1157 1955 1199 2017 49
1224 1954 1317 2020 illum

205 2067 291 2130 diem
317 2044 530 2130 maximarum
554 2084 778 2130 aerumnarum
800 2066 929 2129 initium
952 2065 1029 2132 fore.

253 2179 400 2245 Ceterum
423 2178 597 2243 Scholiasta
621 2179 660 2243 ad
683 2179 907 2264 Aristophanis
930 2178 1045 2244 Pacem
1069 2179 1154 2245 426:

429 2314 598 2390 σπένδοντες
619 2315 798 2396 εὐχώμεσθα
819 2315 872 2390 σὺν
895 2320 944 2380 νῶν
966 2314 1076 2397 ἡμέραν

431 2427 574 2503 Ἕλλασιν
596 2427 682 2512 ἄρξαι
704 2432 778 2495 πῶσι
801 2433 916 2494 πολλῶν
939 2427 1079 2507 κάγαθῶν

207 2572 311 2638 uerba
352 2571 546 2654 Thucydidis
587 2572 697 2636 laudat
730 2572 911 2636 memoriter
944 2571 1000 2635 sed
1034 2571 1150 2636 omisso
1184 2574 1322 2637 auctoris

208 2688 356 2751 nomine:
380 2681 431 2758 ἥδε
453 2684 470 2758 ἦ
492 2683 587 2766 ἡμέρα
610 2687 724 2749 πολλῶν
746 2682 799 2748 καὶ
819 2681 960 2762 μεγάλαν
979 2687 1074 2747 κακῶν
1094 2690 1155 2757 τοῖς
1178 2681 1323 2759 Ἕλλασιν

208 2796 289 2881 ἄρξει
323 2804 359 2864 ut
382 2799 526 2864 ostendat
561 2800 806 2883 Aristophanem
839 2799 945 2863 locum
979 2798 1222 2880 Thucydideum
1255 2819 1325 2866 esse

209 2917 381 2980 imitatum.

257 3029 310 3094 Sic
333 3029 471 3112 denique
493 3030 682 3094 uertendum
705 3029 797 3093 credo
820 3029 929 3093 locum
952 3030 991 3094 de
1018 3048 1081 3113 quo
1101 3030 1243 3114 egimus:
1262 3028 1325 3094 Hic

211 3141 345 3206 morbus
379 3142 452 3207 aliis
488 3143 583 3206 etiam
616 3145 650 3206 in
682 3143 779 3208 rebus
810 3143 934 3207 ciuitati
964 3145 1094 3208 maioris
1116 3144 1326 3228 improbitatis

210 3255 275 3320 fuit
308 3256 447 3319 initium.
481 3256 599 3341 Agitur
634 3258 720 3320 enim
756 3257 795 3321 de
829 3258 864 3321 ui
899 3277 994 3341 quam
1024 3256 1204 3341 pestilentia
1232 3256 1326 3321 habet

212 3372 250 3434 in
284 3389 397 3434 moros.
432 3368 494 3435 cfr.
530 3369 610 3433 Plat
646 3370 684 3434 de
713 3371 773 3455 leg.
803 3372 834 3454 4,
858 3371 975 3437 709A.
999 3369 1153 3434 πολλὰδὲ
1183 3367 1233 3436 καὶ
1254 3368 1327 3435 νόσοι

212 3479 416 3561 ἀναγκάζουσι
440 3487 631 3561 καινοτομεῖν.
1051 3465 1053 3471 ¹

260 3596 356 3660 Initio
381 3599 436 3681 qui
459 3598 648 3661 medicinam
669 3597 859 3663 exercebant
876 3599 975 3663 fuisse
997 3600 1053 3683 qui
1071 3600 1169 3685 uulgo
1188 3601 1329 3685 chirurgi

215 3709 370 3775 dicuntur
403 3712 603 3795 uulneraque
638 3730 692 3776 eos
727 3731 856 3778 sanasse
889 3732 983 3778 nemo
1017 3712 1153 3798 negabit.
1175 3713 1239 3779 Res
1260 3716 1329 3799 ipsa

249 3992 275 4055 1)
292 3991 377 4044 liuius
393 3991 488 4044 erroris
503 3995 579 4058 culpe
596 3993 642 4044 ubi
659 3993 775 4059 resideat,
793 3994 846 4045 uiri
862 3994 1002 4046 doctissimi
1019 3994 1088 4060 Pape
1105 3994 1331 4060 Lexioon‚inuoce

216 4087 319 4151 νόσημα,
337 4085 384 4150 qui
399 4085 539 4150 inspexerit
556 4085 629 4136 facile
647 4085 762 4138 corriciet.

250 4176 278 4244 2)
295 4176 324 4228 E.
342 4176 369 4228 C.
387 4177 529 4238 Marchant,
544 4175 651 4228 London
666 4175 733 4227 1891
751 4181 819 4228 recte
835 4177 1035 4243 interpretatum:
1053 4182 1079 4230 to
1096 4194 1111 4230 a
1128 4183 1227 4245 greater
1243 4183 1332 4230 extent

213 4269 293 4336 (than
319 4282 379 4319 ever
402 4268 496 4333 before)
520 4268 589 4319 since
613 4268 659 4319 the
684 4266 790 4330 αἰσχύνη
813 4269 899 4321 which
921 4270 1037 4322 followed
1059 4271 1104 4322 the
1128 4271 1222 4323 hreach
1245 4271 1272 4322 of
1287 4272 1332 4322 the

218 4359 327 4425 ἄγραφοι
344 4362 408 4422 νόμον
424 4358 476 4428 (37,
491 4358 516 4426 3)
536 4375 587 4414 was
603 4376 638 4413 no
654 4361 743 4428 longer
760 4361 813 4412 felt.

1217 4454 1236 4508 ⁴
