3038 4980
740 472 782 534 45

199 653 450 737 προσαγωγότερον
472 663 509 737 τῇ
532 653 663 736 stupratae
685 652 702 729 ἢ
724 654 919 738 ἀληθέστερον.
945 658 1047 742 1,9ἴ,
1073 660 1092 721 2
1116 655 1156 721 τὰ
1181 657 1231 738 πρὸ
1251 660 1310 722 τῶν

199 769 337 843 Μηδικῶν
362 768 525 843 Ἑλληνικὰ
548 765 740 843 ξυνετίθεσαν.

245 885 290 949 Ut
319 884 446 969 opifices
477 884 654 949 aedificium
686 884 736 949 vel
765 885 861 968 aliud,
892 885 1106 970 quodcunque
1129 889 1188 970 est,
1209 886 1255 950 sie
1279 888 1310 949 et

199 1000 343 1063 historici
362 1017 533 1083 rerumque
552 1000 720 1083 scriptores
740 998 912 1063 conficiunt
927 1000 1097 1064 historiam.
1109 998 1195 1064 lllud
1207 1005 1311 1063 trans·

200 1112 301 1177 fertur
331 1113 360 1196 1,
391 1114 442 1196 22,
473 1115 503 1196 4,
535 1113 641 1177 uerbis
656 1139 658 1148 ·
673 1112 850 1178 celebribus
878 1113 957 1178 illis:
986 1120 1090 1191 κτῆρθ
1111 1113 1142 1185 ἐς
1165 1110 1213 1176 ἀεὶ
1237 1109 1312 1190 iay·

199 1232 305 1299 arium,
336 1232 372 1291 ut
400 1228 435 1290 in
467 1230 655 1311 perpetuum
680 1231 835 1312 seruetur,
857 1226 938 1292 liber
960 1228 1012 1292 hic
1037 1229 1231 1312 compositus
1255 1221 1312 1292 est.

201 1339 265 1406 cfr.
290 1342 319 1424 6,
344 1342 395 1424 36,
419 1343 449 1406 2.

245 1452 338 1530 Quod
370 1456 474 1520 iustae
508 1458 556 1520 est
590 1473 767 1539 mensurae,
796 1456 841 1519 ita
872 1459 909 1519 ut
938 1454 978 1519 ad
1005 1475 1103 1520 usum
1125 1457 1167 1520 sit
1189 1459 1311 1540 aptum,

201 1569 317 1632 dicitur
335 1566 456 1649 μέτριον.
475 1567 556 1633 Inde
568 1570 674 1633 uariae
685 1569 909 1634 translationes
922 1573 997 1634 sunt
1009 1569 1172 1654 profectae.
1186 1572 1216 1654 2,
1228 1570 1280 1654 65,
1293 1572 1311 1634 5

200 1680 321 1762 μετρίως
344 1682 427 1747 idem
451 1681 536 1746 ualet
558 1701 594 1746 ac
618 1682 787 1748 moderate.
806 1679 976 1763 Μετριάζειν
998 1684 1127 1767 1,76,4
1148 1682 1311 1781 θῒμετρίρς

202 1795 289 1860 εἰπεῖν
320 1797 417 1861 latine
447 1797 652 1862 uertendum:
685 1797 816 1861 modum
843 1801 949 1861 tenere
971 1799 1006 1860 in
1029 1797 1171 1863 dicendo.
1196 1794 1309 1877 Μετρίρ

201 1905 355 1988 ξύμβασις
386 1911 416 1994 4,
441 1910 513 1993 105,
537 1912 556 1973 2
586 1910 667 1974 hanc
698 1911 764 1975 uim
789 1908 897 1974 habet:
923 1910 1091 1975 deditionis
1114 1910 1311 1975 conditiones

202 2041 334 2107 aequae.
365 2021 417 2087 Sic
446 2023 486 2086 τρὶ
517 2020 620 2103 μέτρια
650 2025 680 2107 8,
705 2024 757 2107 84,
783 2025 819 2104 5;
851 2025 882 2107 4,
907 2024 959 2108 19,
983 2025 1013 2109 3,
1045 2028 1121 2089 sunt
1151 2043 1197 2109 ea,
1229 2043 1311 2108 quae

202 2141 280 2202 sunt
309 2157 420 2222 aequa.
452 2136 573 2210 ovaaxb
605 2135 708 2218 μετρία
739 2139 771 2222 4,
796 2139 847 2222 30,
871 2138 893 2201 4
924 2138 1006 2203 idem
1038 2143 1085 2204 est
1108 2158 1145 2202 ac
1168 2138 1313 2203 custodia

201 2254 289 2318 mitis
332 2257 363 2318 et
404 2252 585 2318 tolerabilis.
621 2250 733 2334 Marp‘a
767 2251 851 2325 ἐσθής
885 2258 933 2318 est
966 2255 1104 2318 uestitus
1137 2255 1242 2318 tenuis
1276 2271 1313 2316 ac

202 2367 350 2451 simplex.
375 2366 437 2434 dfr.
464 2369 491 2451 1,
515 2369 544 2452 6,
568 2369 598 2431 4.

186 2513 189 2518 ·
246 2480 379 2566 Legitur
398 2484 428 2567 2,
452 2483 505 2567 44,
529 2482 546 2544 1
572 2480 624 2546 nai
646 2475 685 2555 οἷς
708 2479 947 2560 ἕθευδθιρθονῆσθί
967 2504 1000 2544 τε
1021 2479 1034 2544 ὃ
1058 2479 1121 2559 βίος
1140 2479 1241 2559 ὁμοίως
1258 2477 1309 2544 nai

202 2593 404 2668 inustanciam
427 2591 627 2677 toreumata.
650 2595 821 2661 Hierocae
841 2596 895 2660 diu
908 2597 1000 2661 torsit
1011 2595 1130 2680 diuque
1142 2594 1312 2680 torquebit,

202 2709 307 2793 credo,
330 2711 418 2774 uiros
442 2709 558 2774 doctos.
583 2709 663 2774 Cum
686 2730 763 2775 uero
787 2710 827 2773 ad
850 2714 995 2775 nostrum
1014 2711 1213 2794 propositum
1233 2710 1314 2773 nihil

202 2824 328 2889 intersit
352 2824 457 2888 omnia
480 2823 595 2889 referre
619 2844 701 2909 quae
723 2824 777 2888 alii
800 2824 860 2888 alio
885 2824 978 2888 modo
1002 2827 1078 2889 sunt
1100 2823 1313 2909 conati,quod

205 2937 363 3022 quidquid
392 2941 548 3001 conantur
574 2939 637 3001 uiri
660 2937 744 3002 docti
765 2939 925 3023 integrum
950 2941 1056 3003 manet
1078 2937 1211 3002 verbum
1236 2933 1314 3011 ξυνε-

204 3047 340 3135 μὲτρήθθ,
363 3050 417 3114 illa
440 3052 537 3115 missa
558 3050 640 3114 facio
663 3051 722 3115 hoc
743 3071 808 3116 uno
827 3055 1006 3136 contentus,
1025 3053 1135 3136 paucis
1155 3070 1314 3136 exponere

205 3164 283 3248 quid
307 3165 422 3228 sentiat
443 3163 689 3232 Herwerdenus.

250 3277 342 3363 Cum,
372 3281 409 3342 ut
436 3283 520 3344 recte
541 3282 672 3342 annotat
693 3277 854 3363 Steupius,
879 3278 1006 3342 nullum
1029 3298 1143 3343 sanum
1167 3278 1315 3364 praebeat

206 3411 337 3456 sensum
360 3390 497 3456 uerbum
520 3392 672 3457 traditum
691 3392 901 3475 ἕντεθευτῆσθι,
920 3393 1046 3476 scripsit
1064 3392 1315 3473 ἐντθλθιπθρῆσθι

204 3507 312 3572 Herw.
335 3506 536 3588 Thucydides
556 3508 641 3572 enim
662 3505 840 3591 significare
858 3506 1004 3571 uidetur:
1026 3508 1060 3570 in
1072 3507 1314 3572 vitahominum

205 3621 253 3686 nil
275 3640 345 3686 esse
368 3620 407 3686 ab
431 3623 518 3686 omni
540 3626 628 3706 parte
650 3621 788 3705 beatum,
812 3621 867 3685 sed
887 3623 997 3686 merito
1016 3620 1124 3686 felices
1143 3620 1316 3706 praedicari

206 3753 260 3800 eos
293 3733 410 3819 quibus
441 3737 602 3819 contingat
632 3739 688 3799 aut
717 3754 803 3798 mors
832 3734 964 3799 honesta
987 3738 1043 3798 aut
1063 3731 1196 3799 honesta
1220 3754 1316 3799 causa

207 3850 335 3934 doloris,
358 3851 391 3913 in
425 3869 604 3934 quorumue
627 3851 695 3914 uita
719 3869 820 3934 aequa
842 3850 933 3914 lance
956 3869 1006 3915 res
1029 3850 1181 3916 aduersae
1203 3869 1316 3914 secun-

207 3965 257 4030 dis
282 3968 535 4049 compensentur.

249 4077 338 4143 Haec
369 4078 474 4141 omnia
504 4077 596 4142 facile
625 4077 872 4162 intelleguntur3
901 4077 955 4142 illa
986 4078 1091 4142 uersio
1115 4096 1193 4142 uero
1218 4097 1314 4160 quam

206 4191 273 4258 fere
304 4211 423 4274 omnes,
452 4191 654 4266 ἕντελευτῆσθι
686 4193 742 4275 qui
773 4195 913 4275 tuentur,
944 4195 1127 4276 proponunt
1149 4192 1245 4256 nimis
1269 4195 1317 4256 est

208 4309 302 4391 torta,
334 4307 477 4390 quaesita
507 4311 538 4370 et
560 4305 599 4370 ad
622 4309 766 4370 nostrum
790 4305 896 4371 locum
920 4306 1028 4370 minus
1051 4309 1139 4390 apta:
1166 4304 1317 4390 „quibus-
