3038 4980
728 465 790 529 128

241 655 349 740 Eurip.
373 653 454 719 Med.
479 600 536 718 93}

745 749 807 816 οὐδὲ
829 749 977 816 παύσεται

395 867 496 947 χόλον,
520 864 596 947 σαφ’
621 860 696 939 οἶδα,
720 864 786 946 πρὶν
808 864 1005 945 κατασκῆψαι
1026 887 1098 928 τινα.

242 1017 367 1103 ijpol.
397 1020 498 1082 1418:

396 1165 478 1247 ὀργαὶ
501 1166 741 1246 κατασκήψασα
764 1168 803 1238 εἰς
826 1168 858 1231 τὸ
882 1169 931 1232 σὸν
954 1167 1058 1244 δέμας.

244 1326 296 1391 Sic
328 1328 470 1410 Thucyd.
502 1331 530 1412 2,
561 1331 612 1412 49,
643 1331 663 1392 8
687 1331 857 1412 transtulit,
879 1327 1065 1403 κατέσκαπτε
1086 1328 1143 1410 γαρ
1166 1330 1195 1401 ἐς
1218 1327 1310 1410 ἄκρας

200 1445 305 1520 χεῖρας
338 1438 386 1504 καὶ
420 1441 520 1513 rebar.
558 1443 689 1508 Morbus
725 1446 759 1507 in
794 1464 935 1508 summas
966 1464 1080 1508 manus
1104 1462 1313 1527 summosque

198 1554 292 1637 pedes
320 1555 533 1621 incumbebat.
565 1556 609 1620 Ut
631 1556 774 1621 fulminis
797 1559 882 1642 ignis
905 1557 1063 1622 confector
1087 1559 1242 1639 omnium,
1266 1558 1311 1620 sic

197 1667 326 1732 morbus
348 1668 411 1752 illc,
436 1689 662 1754 quamcunque
685 1672 822 1755 corporis
845 1676 966 1755 partem
992 1672 1175 1755 arripuerat,
1196 1691 1311 1734 consu-

198 1781 309 1847 mebat.
335 1784 363 1865 2,
386 1784 438 1866 47,
459 1785 477 1846 3
498 1784 607 1863 eodem
629 1803 725 1848 seusu
747 1786 883 1849 occurrit
896 1784 1032 1849 uerbum
1045 1783 1311 1866 ἐγκατασκήπτειν,

201 1896 285 1979 quod
315 1896 399 1960 idem
430 1897 468 1961 de
500 1900 618 1961 morbo.
643 1897 839 1982 Cogitatiene
862 1897 922 1962 sibi
945 1897 1040 1961 finxit
1064 1899 1249 1962 morbumt
1236 1903 1312 1960 t·am

201 2028 297 2092 quam
319 2008 440 2074 fulmen
463 2016 590 2094 repente
613 2031 649 2075 ac
672 2012 876 2076 uehementer
899 2013 961 2076 emi
962 2014 1016 2093 tti;
1041 2010 1094 2075 cfr.
1120 2013 1147 2075 2.
1173 2012 1225 2094 48,
1254 2012 1313 2084 Ιές

201 2121 284 2186 δὲ
255 2124 368 2195 τννΑ
370 2123 486 2197 θηναίων
510 2125 592 2189 πόλιν
615 2122 823 2198 ἐξαπιναίως
808 2125 935 2189 εσέπεσε.
956 2125 1018 2190 Gfr.
993 2126 1133 2211 r.Soph
1154 2124 1230 2191 Oed.
1243 2125 1313 2208 Tyr.

202 2236 242 2298 27
267 2237 295 2298 ἐν
319 2237 345 2300 δ’
365 2237 378 2299 ὁ
398 2235 537 2318 πυρφόρος
550 2239 608 2308 θεὸς
621 2236 740 2317 σκήψας
752 2236 874 2322 ἐλαύνει,
886 2239 986 2315 λοιμὸς
999 2237 1141 2322 ἔχθιστος,
1154 2215 1236 2302 πόλιν
1249 2287 1256 2301 .
1267 2286 1273 2301 .
1286 2288 1292 2300 .
1307 2288 1313 2302 .

247 2350 322 2415 Huc
339 2352 425 2431 ‚facit
455 2355 547 2417 etiam
581 2354 608 2435 1,
639 2352 680 2415 66
711 2354 741 2416 οὐ
774 2350 870 2430 μέντοι
901 2350 918 2415 i'
937 2377 973 2429 γε
999 2351 1126 2430 πόλεμός
1150 2376 1195 2415 πω
1219 2349 1315 2433 ξυνερ·

202 2463 308 2544 paese.
333 2465 484 2530 Nondum
507 2466 626 2531 bellum
651 2471 804 2551 eruperat.
827 2466 886 2531 Est
908 2471 985 2552 puto
1010 2468 1146 2531 uerbum
1171 2469 1314 2551 exquisi-

201 2580 277 2656 tius,
301 2580 386 2664 quod
408 2580 492 2665 apud
515 2581 638 2644 Atticos
661 2582 720 2644 hoc
740 2601 804 2645 unc
816 2581 886 2644 loco
899 2583 1051 2661 occurrit;
1067 2583 1195 2664 saepius
1207 2586 1313 2646 tamen

204 2696 261 2778 qui
290 2699 390 2758 aetate
421 2699 497 2757 sunt
526 2695 721 2778 posteriores,
743 2695 920 2778 Appianus,
945 2694 1073 2758 Cassius
1096 2692 1158 2758 Dio
1184 2699 1214 2759 et
1237 2695 1317 2759 Plu-

201 2809 329 2872 tarchus
364 2812 439 2871 sunt
474 2809 533 2872 usi.
563 2807 682 2891 Operae
713 2810 869 2892 praetium
902 2813 950 2872 est
981 2827 1054 2872 cum
1085 2807 1194 2873 uerbis
1218 2829 1315 2893 supra

201 2920 308 2984 relatis
339 2919 479 2985 conferre
509 2940 554 3003 ca,
585 2941 665 3005 quae
693 2923 905 2986 inueniuntur
928 2922 1088 3005 Aristoph.
1113 2921 1220 3007 nquit.
1247 2922 1312 2985 644

203 3029 235 3106 ἐξ
269 3028 299 3096 οὗ
328 3032 385 3114 γὰρ
415 3033 486 3111 ἡμῖν
516 3033 529 3096 ὁ
553 3036 681 3111 πόλεμος
704 3032 876 3115 κατερράγη.
900 3034 961 3099 His
984 3055 1064 3100 usus
1087 3035 1195 3099 uerbis
1221 3036 1313 3100 botn-

203 3148 302 3212 larius
325 3149 363 3212 de
387 3150 493 3213 eodem
519 3149 557 3213 de
581 3170 643 3232 quo
668 3148 869 3231 Thucydides
888 3149 990 3232 loquit
993 3170 1032 3213 ur
1051 3149 1142 3213 bello.
1155 3148 1207 3213 Sic
1220 3151 1314 3213 etiam

206 3260 385 3347 Dicaeopol
377 3283 424 3327 rs:
455 3262 650 3326 αιὶντεῦθεν’
631 3285 710 3343 αρχν
733 3267 783 3327 τοῦ
805 3261 933 3340 πολέμου
956 3286 1043 3343 αατερ
1043 3286 1129 3344 ραγν.
1155 3262 1215 3326 Ofr.
1239 3262 1314 3327 Luc.

207 3377 310 3442 Uerae
331 3377 491 3442 Histonae
514 3380 543 3460 2
563 3379 603 3440 35
627 3376 746 3458 βροντῆς
770 3374 907 3454 μεναλνς
931 3374 1161 3457 καταρραγείσης
1175 3379 1205 3458 ¹).

250 3493 329 3556 Arte
349 3493 515 3556 cohaerent
539 3511 619 3576 quae
643 3493 672 3574 8,
697 3492 750 3575 96,
770 3494 789 3554 2
813 3493 978 3577 leguntur:
1000 3488 1058 3554 Καὶ
1071 3489 1180 3564 ἄδηλον
1191 3489 1220 3555 ὃν
1232 3489 1315 3555 ὁπότε

204 3602 304 3684 σφίσιν
337 3605 436 3678 αὐτοῖς
468 3600 640 3684 {appatuere
672 3603 713 3668 nt
743 3607 898 3669 incertum
929 3609 996 3669 erat
1025 3605 1154 3688 quando
1177 3607 1261 3669 inter
1283 3623 1315 3668 se

203 3720 390 3783 concursuri
412 3723 525 3784 essent.
547 3716 591 3781 Ut
614 3718 698 3781 enim
718 3719 855 3782 nubium
875 3717 1024 3782 conflictu
1036 3719 1130 3782 ardor
1142 3738 1310 3803 expressus

203 3850 237 3897 se
272 3833 395 3916 emittit,
430 3870 470 3878 —
506 3833 552 3896 sic
583 3830 668 3896 enim
697 3832 821 3915 antiqui
843 3850 910 3895 rem
934 3830 993 3895 sibi
1016 3830 1181 3916 fingebant
1206 3871 1246 3879 -
1268 3835 1311 3896 ita

202 3945 236 4008 in
260 3947 387 4013 ciuitate
410 3945 479 4010 aliis
502 3947 572 4010 aliis
594 3946 738 4030 partibus
760 3944 944 4009 fauentibus
967 3964 1040 4009 cum
1062 3947 1146 4011 inter
1157 3965 1227 4012 sese
1238 3966 1308 4010 con-

206 4112 349 4122 ———

241 4213 266 4281 1)
283 4214 332 4266 cfr.
355 4214 424 4266 Plnt.
440 4214 506 4266 Tim.
523 4213 633 4280 ἐξαίφνης
650 4215 697 4264 ἀπὸ
713 4220 760 4264 τῶν
777 4215 829 4276 ὀρῶν
845 4216 944 4278 βρονταί
956 4233 983 4265 τε
1001 4215 1101 4279 Φιβεραὶ
1116 4217 1308 4280 κατερρήγνυντο,

209 4305 248 4354 καὶ
266 4304 374 4366 πυρώδεις
391 4305 513 4366 ἀστραπαὶ
529 4306 695 4371 συνεξέπιπτον
