3038 4980
840 485 901 550 126

305 673 423 756 τωτέροο
452 674 664 753 κατείργεσθαι,
697 674 755 738 ubi
783 675 863 740 forte
890 676 1005 741 melius
1028 676 1144 761 legitur
1167 677 1377 761 καθαιρεῖσθαι,
1400 674 1416 738 1

307 789 357 864 76,
380 791 408 852 2.
432 787 493 853 cfr.
517 786 638 858 ἀκρίτων
662 785 747 851 ὄντων
773 791 803 872 4,
828 790 878 867 20,
902 791 932 852 2.

352 901 433 966 Cum
452 901 562 965 multis
586 902 655 965 aliis
679 900 775 967 rebus
799 904 911 986 quiin
935 903 1090 966 iudicium
1115 909 1205 968 erant
1228 906 1335 968 uocati
1357 904 1426 988 lege

307 1018 490 1079 tenerentur
519 1019 589 1078 tum
621 1013 814 1081 Graecorum
836 1017 870 1078 in
895 1015 1037 1080 moribus
1061 1021 1127 1081 erat
1150 1021 1186 1081 ut
1210 1023 1241 1081 et
1264 1019 1335 1082 iure
1357 1019 1426 1101 pig·

306 1131 393 1193 noris
424 1129 568 1213 capiendi
595 1133 627 1192 et
651 1129 835 1193 uadimonio
860 1129 922 1193 sibi
946 1149 1059 1196 cauere
1082 1131 1161 1196 utile
1183 1136 1341 1216 putarent.
1366 1129 1427 1194 011.

308 1241 408 1306 Μο101
438 1243 503 1305 Att.
535 1241 624 1305 Proc.
659 1243 723 1304 504
747 1262 815 1326 sqq.
839 1248 869 1306 et
893 1243 955 1305 515
980 1263 1048 1326 sqq.
1067 1242 1198 1308 Plutner
1220 1244 1363 1308 Prooess.
1386 1242 1429 1327 Π,

315 1356 376 1418 301
402 1376 470 1440 sqq.
494 1359 524 1419 et
547 1355 610 1418 365
635 1375 701 1439 sqq.

359 1467 446 1544 Quae
469 1473 648 1552 sequuntur
670 1469 870 1553 metaphorae
894 1470 956 1532 huc
979 1474 1054 1533 sunt
1073 1469 1263 1535 referendae.
1284 1472 1314 1552 3,
1335 1470 1425 1553 46,1

312 1584 362 1646 οὐκ
384 1575 430 1645 οὖν
452 1582 510 1661 χρή
534 1578 598 1644 οὔτε
620 1583 670 1644 τοῦ
689 1580 811 1644 θανάτου
830 1588 866 1662 σή
885 1579 980 1663 ζήμίρ
999 1581 1036 1653 ὡς
1057 1581 1195 1662 ἐχεγγύῳ
1215 1581 1427 1653 πιστεύσαντες

309 1703 405 1776 χεῖρον
428 1695 650 1779 βουλεύσασθαι,
678 1715 777 1780 quare
794 1717 859 1760 non
882 1702 1005 1781 oportet
1028 1717 1087 1762 nos
1107 1703 1162 1762 aut
1182 1700 1294 1791 mortis
1317 1717 1428 1782 poena,

310 1818 474 1896 tamquam
494 1811 651 1895 locuplete
671 1810 857 1875 fideiussore
880 1811 985 1894 fretos,
1005 1812 1128 1895 aliquid
1146 1815 1280 1896 grauius
1301 1813 1339 1876 de
1359 1811 1429 1893 My·

313 1927 456 1991 tilenaeis
480 1930 625 1990 statuere.
650 1923 712 1990 cfr.
733 1924 827 2009 Soph.
848 1923 926 1991 Oed.
947 1925 1011 1988 001.
1031 1926 1095 1988 280
1107 1925 1155 1989 τὸν
1167 1923 1434 2007 ἱκέτήνέρςέγγοον1

362 2041 391 2117 8,
415 2040 465 2116 68,
490 2041 508 2102 3
536 2037 611 2101 πολύ
634 2062 667 2102 τε
689 2039 756 2119 πρὸς
778 2038 818 2102 τοὶ
840 2037 927 2112 δεινοὶ,
950 2038 1100 2118 ἐπειδήπερ
1124 2038 1233 2112 ὑττὲστή
1257 2038 1426 2120 Φερεμνυῶ-

316 2175 404 2224 τατος
427 2150 531 2232 ἐφάνη,
555 2154 648 2238 longe
669 2152 858 2218 fidissimum
882 2172 916 2217 se
938 2154 1101 2238 praestit’t.
1125 2152 1185 2216 011.
1208 2153 1323 2219 Aesoh.
1343 2153 1428 2238 Sept.

319 2266 369 2349 96,
392 2267 465 2348 440,
490 2266 562 2329 797.
586 2265 680 2350 Soph.
704 2265 801 2330 Elect
825 2266 887 2330 942
910 2263 941 2329 τί
962 2263 1018 2345 ροὶρ
1041 2263 1165 2337 κελεύεις
1184 2259 1221 2328 ὧν
1240 2265 1299 2341 ἐγὼ
1320 2262 1429 2345 Φερὲγ·

319 2402 397 2456 γοος.
428 2378 544 2444 Herod.
576 2382 605 2462 5,
636 2381 694 2460 30,
726 2382 756 2464 8,
783 2380 836 2444 49.
858 2379 954 2464 Uerg.
978 2379 1058 2444 Aen.
1083 2381 1181 2463 5,17.
1205 2399 1280 2456 non,
1304 2381 1330 2444 si
1356 2381 1432 2444 mihi

318 2493 339 2556 J
342 2495 467 2578 uppiter
490 2498 601 2557 auctor
620 2492 787 2578 Spondeat,
799 2494 858 2556 hoc
870 2511 991 2577 sperem
1004 2492 1129 2557 Italiam
1141 2494 1325 2577 contingere
1336 2494 1431 2558 caelo.

363 2610 392 2690 4,
424 2609 475 2690 55,
497 2609 518 2669 4
541 2605 725 2686 ἀτολμότεροι
749 2604 780 2669 δὲ
803 2605 839 2668 δι’
862 2606 934 2670 αὐτὸ
956 2607 985 2677 ἐς
1008 2605 1063 2677 τοὶς
1087 2605 1197 2686 μάχας
1221 2601 1296 2680 ήσαν
1319 2606 1429 2689 (Cobo-

319 2725 372 2786 tus
403 2720 493 2784 malit
519 2715 603 2802 ήσαν)
626 2716 677 2783 καὶ
700 2721 760 2782 τῖον
784 2717 847 2782 ὅτι
870 2720 1011 2791 κινήσειαν
1034 2720 1117 2801 ᾤοντο
1139 2719 1362 2798 ἁμαρτήσεσθαι
1384 2718 1431 2784 διὰ

317 2833 349 2897 τὸ
380 2831 432 2905 τήν
462 2832 581 2910 γνήμήν
613 2831 796 2912 ιἰνεχὲγγυον
827 2834 1000 2910 γεγενῆσθαι
1019 2833 1051 2896 ἐκ
1074 2838 1128 2906 τής
1151 2831 1216 2914 πρὶν
1237 2832 1358 2907 andalae
1380 2838 1430 2898 τοῦ

316 2953 519 3027 κακοτροιρεῑν.
554 2946 773 3012 Herwedenus
808 2950 942 3012 coniecit
974 2946 1102 3027 (linem.
1135 2947 1161 3030 Ι,
1194 2968 1233 3031 ρ.
1260 2948 1312 3021 86,
1346 2947 1429 3029 Ne.)

315 3059 484 3140 ἐνεχὲρροοι
508 3067 539 3126 01
562 3061 647 3126 hand
672 3063 737 3126 scio
761 3080 892 3125 01110111
916 3080 976 3126 acu
998 3060 1217 3146 101130111810
1240 3063 1326 3126 enim
1349 3068 1434 3127 recte

319 3177 455 3240 uertitur
484 3176 589 3241 locus:
613 3180 644 3241 et
666 3180 830 3260 propterea
851 3175 890 3239 ad
912 3174 1121 3260 pugnandum
1146 3179 1235 3240 erant
1257 3176 1434 3241 timidiores

320 3293 353 3353 01
382 3289 539 3373 quidquid
561 3290 701 3374 aggressi
722 3287 867 3372 fuissent,
892 3288 925 3352 id
947 3287 1106 3354 infelicem
1131 3289 1254 3353 exitum
1278 3288 1437 3373 putabant

320 3402 512 3488 habiturum,
548 3423 622 3467 oum
655 3420 780 3467 omnem
814 3403 912 3466 animi
944 3401 1094 3466 fiduciam
1125 3402 1316 3485 amisissent,
1350 3402 1436 3486 quod

319 3536 488 3600 nunquam
518 3521 611 3580 antea
638 3514 765 3579 fortuna
795 3515 929 3579 aduersa
963 3517 1069 3580 essent
1092 3516 1151 3579 usi.
1174 3513 1206 3577 A
1226 3513 1313 3579 furto
1338 3534 1437 3581 sensu

318 3632 468 3696 translato
501 3631 579 3695 haee
608 3631 819 3695 inueniuntur
847 3631 877 3712 5,
909 3630 939 3712 9,
962 3630 981 3692 5
1006 3625 1057 3692 καὶ
1081 3627 1121 3691 τὰ
1143 3628 1312 3706 κλέμματα
1336 3633 1436 3693 ταῦτα

314 3743 476 3818 καλλίστην
510 3740 596 3817 δόξαν
627 3740 698 3822 ἔχει.
736 3741 964 3827 Significantur
998 3743 1050 3806 hic
1071 3742 1324 3823 στρατηγήματα
1347 3743 1434 3808 furta

315 3858 399 3942 belli,
429 3877 510 3942 quae
539 3857 713 3942 Spartiatae
743 3857 793 3921 his
826 3857 943 3940 uerbis,
967 3854 1118 3919 omnibus
1142 3855 1212 3919 ahie
1235 3854 1436 3938 posthabitis,

316 3974 363 4037 sic
386 3973 558 4037 nominant.
582 3969 644 4038 011.
668 3967 815 4054 Xenoph.
840 3968 945 4034 Anab.
970 3971 1001 4052 4,
1023 3968 1054 4052 6,
1077 3950 1240 4033 1411011.
1266 3967 1336 4032 001.
1358 3969 1435 4034 236.

320 4084 381 4149 011.
414 4087 442 4169 l,
473 4085 545 4169 115,
577 4087 596 4148 5
625 4081 789 4163 κλέψαντες
819 4081 885 4154 τοὺς
911 4081 1041 4163 ὁμήρους.
1075 4082 1103 4165 7,
1132 4083 1185 4165 85,
1215 4083 1234 4146 3
1265 4081 1298 4146 τὸ
1318 4078 1350 4146 δὲ
1373 4080 1436 4146 δια-

323 4194 436 4262 κλασέν
460 4195 544 4262 πολύ.

368 4312 556 4393 Καταφσρῖιν
576 4311 702 4394 proprie
722 4310 807 4375 idem
829 4309 914 4375 ualet
935 4328 972 4373 ao
991 4308 1223 4394 deprehendere
1242 4309 1430 4394 aliquemin
