<?xml version="1.0" encoding="UTF-8"?>
<!DOCTYPE html PUBLIC "-//W3C//DTD XHTML 1.0 Transitional//EN"
    "http://www.w3.org/TR/xhtml1/DTD/xhtml1-transitional.dtd">
<html xmlns="http://www.w3.org/1999/xhtml" xml:lang="en" lang="en">
 <head>
  <title>
</title>
<meta http-equiv="Content-Type" content="text/html;charset=utf-8" />
  <meta name='ocr-system' content='tesseract 3.04.00' />
  <meta name='ocr-capabilities' content='ocr_page ocr_carea ocr_par ocr_line ocrx_word'/>
</head>
<body>
  <div class='ocr_page' id='page_1' title='image "./detranslationib00corsgoog_0106.png"; bbox 0 0 3038 4980; ppageno 0'>
   <div class='ocr_carea' id='block_1_1' title="bbox 733 489 771 551">
    <p class='ocr_par' dir='ltr' id='par_1_1' title="bbox 733 489 771 551">
     <span class='ocr_line' id='line_1_1' title="bbox 733 489 771 551; baseline -0.026 0"><span class='ocrx_word' id='word_1_1' title='bbox 733 489 771 551; x_wconf 88' lang='grc'>91</span> 
     </span>
    </p>
   </div>
   <div class='ocr_carea' id='block_1_2' title="bbox 201 671 1327 2353">
    <p class='ocr_par' dir='ltr' id='par_1_2' title="bbox 202 671 1322 1319">
     <span class='ocr_line' id='line_1_2' title="bbox 247 671 1322 761; baseline 0.007 -24"><span class='ocrx_word' id='word_1_2' title='bbox 247 673 367 738; x_wconf 80' lang='lat' dir='ltr'>Eadem</span> <span class='ocrx_word' id='word_1_3' title='bbox 399 674 449 738; x_wconf 87' lang='lat' dir='ltr'>uis</span> <span class='ocrx_word' id='word_1_4' title='bbox 480 671 578 738; x_wconf 91' lang='lat' dir='ltr'>uerbo</span> <span class='ocrx_word' id='word_1_5' title='bbox 608 673 700 752; x_wconf 79' lang='grc' dir='ltr'><em>ὀρθοῦν</em></span> <span class='ocrx_word' id='word_1_6' title='bbox 729 674 865 758; x_wconf 82' lang='lat' dir='ltr'>eiusque</span> <span class='ocrx_word' id='word_1_7' title='bbox 894 675 978 739; x_wconf 86' lang='lat' dir='ltr'>inest</span> <span class='ocrx_word' id='word_1_8' title='bbox 1005 678 1195 761; x_wconf 86' lang='lat' dir='ltr'>compositis.</span> <span class='ocrx_word' id='word_1_9' title='bbox 1220 677 1322 744; x_wconf 78' lang='lat' dir='ltr'>Beklr.</span> 
     </span>
     <span class='ocr_line' id='line_1_3' title="bbox 204 783 1320 868; baseline 0.002 -17"><span class='ocrx_word' id='word_1_10' title='bbox 204 787 311 851; x_wconf 82' lang='lat' dir='ltr'>anecd.</span> <span class='ocrx_word' id='word_1_11' title='bbox 343 785 463 850; x_wconf 79' lang='lat' dir='ltr'>Graeca</span> <span class='ocrx_word' id='word_1_12' title='bbox 492 787 519 868; x_wconf 92' lang='grc'>1,</span> <span class='ocrx_word' id='word_1_13' title='bbox 553 786 594 849; x_wconf 92' lang='grc'>13</span> <span class='ocrx_word' id='word_1_14' title='bbox 618 784 755 866; x_wconf 79' lang='grc' dir='ltr'><em>ιἰπορθοῖιν</em></span> <span class='ocrx_word' id='word_1_15' title='bbox 778 784 860 849; x_wconf 82' lang='grc' dir='ltr'><em>πόλιν</em></span> <span class='ocrx_word' id='word_1_16' title='bbox 884 783 901 859; x_wconf 76' lang='grc' dir='ltr'>ἢ</span> <span class='ocrx_word' id='word_1_17' title='bbox 925 786 1021 850; x_wconf 78' lang='grc' dir='ltr'><em>οἰκίαν.</em></span> <span class='ocrx_word' id='word_1_18' title='bbox 1048 825 1088 835; x_wconf 91' lang='grc'>-</span> <span class='ocrx_word' id='word_1_19' title='bbox 1113 788 1320 866; x_wconf 71' lang='grc' dir='ltr'>μετενήνεκται</span> 
     </span>
     <span class='ocr_line' id='line_1_4' title="bbox 203 897 1320 987; baseline 0.003 -22"><span class='ocrx_word' id='word_1_20' title='bbox 203 900 234 965; x_wconf 81' lang='grc' dir='ltr'>δέ</span> <span class='ocrx_word' id='word_1_21' title='bbox 264 900 323 964; x_wconf 76' lang='grc' dir='ltr'>απὸ</span> <span class='ocrx_word' id='word_1_22' title='bbox 353 903 409 962; x_wconf 79' lang='grc' dir='ltr'>τῶν</span> <span class='ocrx_word' id='word_1_23' title='bbox 439 897 632 979; x_wconf 81' lang='grc' dir='ltr'><em>οίπορθοθντυν</em></span> <span class='ocrx_word' id='word_1_24' title='bbox 662 898 718 971; x_wconf 83' lang='grc' dir='ltr'><em>τθος</em></span> <span class='ocrx_word' id='word_1_25' title='bbox 741 903 812 972; x_wconf 82' lang='grc' dir='ltr'><em>ναῦς</em></span> <span class='ocrx_word' id='word_1_26' title='bbox 834 906 896 972; x_wconf 81' lang='grc' dir='ltr'><em>τοῖς</em></span> <span class='ocrx_word' id='word_1_27' title='bbox 922 897 1020 975; x_wconf 77' lang='grc' dir='ltr'><em>οἴαξιν.</em></span> <span class='ocrx_word' id='word_1_28' title='bbox 1046 902 1075 987; x_wconf 99' lang='grc'>6,</span> <span class='ocrx_word' id='word_1_29' title='bbox 1099 904 1128 987; x_wconf 93' lang='grc'>9,</span> <span class='ocrx_word' id='word_1_30' title='bbox 1152 905 1171 966; x_wconf 89' lang='grc'><strong>2</strong></span> <span class='ocrx_word' id='word_1_31' title='bbox 1195 903 1320 970; x_wconf 88' lang='lat' dir='ltr'>efficere</span> 
     </span>
     <span class='ocr_line' id='line_1_5' title="bbox 202 1014 1319 1101; baseline 0.002 -21"><span class='ocrx_word' id='word_1_32' title='bbox 202 1020 239 1080; x_wconf 90' lang='lat' dir='ltr'>ut</span> <span class='ocrx_word' id='word_1_33' title='bbox 269 1014 462 1099; x_wconf 87' lang='lat' dir='ltr'>reipublicae</span> <span class='ocrx_word' id='word_1_34' title='bbox 493 1015 587 1078; x_wconf 87' lang='lat' dir='ltr'>nauis</span> <span class='ocrx_word' id='word_1_35' title='bbox 618 1018 741 1078; x_wconf 86' lang='lat' dir='ltr'>rectum</span> <span class='ocrx_word' id='word_1_36' title='bbox 773 1034 904 1080; x_wconf 81' lang='lat' dir='ltr'>cursum</span> <span class='ocrx_word' id='word_1_37' title='bbox 936 1020 1048 1081; x_wconf 88' lang='lat' dir='ltr'>teneat.</span> <span class='ocrx_word' id='word_1_38' title='bbox 1079 1020 1109 1100; x_wconf 83' lang='lat'>4,</span> <span class='ocrx_word' id='word_1_39' title='bbox 1141 1018 1191 1101; x_wconf 91' lang='lat'>18,</span> <span class='ocrx_word' id='word_1_40' title='bbox 1214 1019 1244 1101; x_wconf 89' lang='grc'>4,</span> <span class='ocrx_word' id='word_1_41' title='bbox 1268 1015 1319 1082; x_wconf 82' lang='grc' dir='ltr'>καὶ</span> 
     </span>
     <span class='ocr_line' id='line_1_6' title="bbox 202 1123 1320 1210; baseline 0.004 -20"><span class='ocrx_word' id='word_1_42' title='bbox 202 1123 341 1206; x_wconf 79' lang='grc' dir='ltr'><em>ε’λοίχνστ’</em></span> <span class='ocrx_word' id='word_1_43' title='bbox 372 1123 408 1189; x_wconf 76' lang='grc' dir='ltr'>ἄν</span> <span class='ocrx_word' id='word_1_44' title='bbox 431 1125 455 1189; x_wconf 88' lang='grc' dir='ltr'>σί</span> <span class='ocrx_word' id='word_1_45' title='bbox 477 1129 595 1190; x_wconf 80' lang='grc' dir='ltr'><em>τοιοῦτον</em></span> <span class='ocrx_word' id='word_1_46' title='bbox 617 1124 770 1198; x_wconf 70' lang='grc' dir='ltr'><em>πταίοντες</em></span> <span class='ocrx_word' id='word_1_47' title='bbox 795 1125 844 1190; x_wconf 74' lang='grc' dir='ltr'>δια</span> <span class='ocrx_word' id='word_1_48' title='bbox 865 1127 898 1192; x_wconf 79' lang='grc' dir='ltr'>τὸ</span> <span class='ocrx_word' id='word_1_49' title='bbox 922 1125 965 1206; x_wconf 68' lang='grc' dir='ltr'>μὴ</span> <span class='ocrx_word' id='word_1_50' title='bbox 988 1128 1028 1209; x_wconf 74' lang='grc' dir='ltr'>τῷ</span> <span class='ocrx_word' id='word_1_51' title='bbox 1051 1127 1204 1210; x_wconf 75' lang='grc' dir='ltr'><em>ὀρθουμένῳ</em></span> <span class='ocrx_word' id='word_1_52' title='bbox 1227 1130 1320 1195; x_wconf 81' lang='grc' dir='ltr'><em>αὐτοῦ</em></span> 
     </span>
     <span class='ocr_line' id='line_1_7' title="bbox 203 1238 1290 1319; baseline 0.003 -15"><span class='ocrx_word' id='word_1_53' title='bbox 203 1238 385 1311; x_wconf 76' lang='grc' dir='ltr'><em>πιστεύοντες</em></span> <span class='ocrx_word' id='word_1_54' title='bbox 407 1238 573 1319; x_wconf 82' lang='grc' dir='ltr'><em>ἐπαίρεσθαι</em></span> <span class='ocrx_word' id='word_1_55' title='bbox 596 1239 625 1302; x_wconf 86' lang='grc' dir='ltr'>έν</span> <span class='ocrx_word' id='word_1_56' title='bbox 648 1240 688 1319; x_wconf 78' lang='grc' dir='ltr'>τῷ</span> <span class='ocrx_word' id='word_1_57' title='bbox 711 1239 849 1319; x_wconf 77' lang='grc' dir='ltr'><em>εὐτυχεῖν</em></span> <span class='ocrx_word' id='word_1_58' title='bbox 872 1238 908 1304; x_wconf 84' lang='grc' dir='ltr'>ίιν</span> <span class='ocrx_word' id='word_1_59' title='bbox 931 1239 1066 1318; x_wconf 84' lang='grc' dir='ltr'><em>μοίλιστα</em></span> <span class='ocrx_word' id='word_1_60' title='bbox 1090 1241 1290 1308; x_wconf 81' lang='grc' dir='ltr'><em>καταλύοιντο.</em></span> 
     </span>
    </p>

    <p class='ocr_par' dir='ltr' id='par_1_3' title="bbox 201 1356 1327 2353">
     <span class='ocr_line' id='line_1_8' title="bbox 246 1356 1316 1440; baseline 0.003 -20"><span class='ocrx_word' id='word_1_61' title='bbox 246 1356 466 1420; x_wconf 82' lang='lat' dir='ltr'>Pulcherrima</span> <span class='ocrx_word' id='word_1_62' title='bbox 488 1357 626 1440; x_wconf 85' lang='lat' dir='ltr'>imagine</span> <span class='ocrx_word' id='word_1_63' title='bbox 651 1357 702 1419; x_wconf 88' lang='lat' dir='ltr'>usi</span> <span class='ocrx_word' id='word_1_64' title='bbox 728 1375 810 1440; x_wconf 91' lang='lat' dir='ltr'>quae</span> <span class='ocrx_word' id='word_1_65' title='bbox 833 1359 976 1421; x_wconf 85' lang='lat' dir='ltr'>sentiunt</span> <span class='ocrx_word' id='word_1_66' title='bbox 996 1356 1316 1423; x_wconf 83' lang='lat' dir='ltr'>Lacedaemoniorum</span> 
     </span>
     <span class='ocr_line' id='line_1_9' title="bbox 203 1469 1319 1556; baseline 0.003 -22"><span class='ocrx_word' id='word_1_67' title='bbox 203 1471 300 1554; x_wconf 91' lang='lat' dir='ltr'>legati</span> <span class='ocrx_word' id='word_1_68' title='bbox 329 1470 481 1554; x_wconf 85' lang='lat' dir='ltr'>perpolite</span> <span class='ocrx_word' id='word_1_69' title='bbox 511 1469 715 1553; x_wconf 91' lang='lat' dir='ltr'>eloquuntur.</span> <span class='ocrx_word' id='word_1_70' title='bbox 746 1470 820 1534; x_wconf 89' lang='lat' dir='ltr'>Uiri</span> <span class='ocrx_word' id='word_1_71' title='bbox 851 1470 1023 1554; x_wconf 87' lang='lat' dir='ltr'>prudentes</span> <span class='ocrx_word' id='word_1_72' title='bbox 1046 1490 1153 1535; x_wconf 90' lang='lat' dir='ltr'>rerum</span> <span class='ocrx_word' id='word_1_73' title='bbox 1177 1472 1319 1556; x_wconf 87' lang='lat' dir='ltr'>politica·</span> 
     </span>
     <span class='ocr_line' id='line_1_10' title="bbox 201 1584 1321 1670; baseline 0.002 -21"><span class='ocrx_word' id='word_1_74' title='bbox 201 1605 274 1650; x_wconf 88' lang='lat' dir='ltr'>rum</span> <span class='ocrx_word' id='word_1_75' title='bbox 297 1586 389 1669; x_wconf 88' lang='lat' dir='ltr'>periti</span> <span class='ocrx_word' id='word_1_76' title='bbox 415 1585 508 1648; x_wconf 90' lang='lat' dir='ltr'>tacite</span> <span class='ocrx_word' id='word_1_77' title='bbox 533 1588 756 1668; x_wconf 85' lang='lat' dir='ltr'>comparantur</span> <span class='ocrx_word' id='word_1_78' title='bbox 778 1603 852 1648; x_wconf 90' lang='lat' dir='ltr'>cum</span> <span class='ocrx_word' id='word_1_79' title='bbox 876 1586 952 1648; x_wconf 92' lang='lat' dir='ltr'>naui</span> <span class='ocrx_word' id='word_1_80' title='bbox 976 1584 1151 1670; x_wconf 86' lang='lat' dir='ltr'>praefectis,</span> <span class='ocrx_word' id='word_1_81' title='bbox 1176 1588 1232 1670; x_wconf 92' lang='lat' dir='ltr'>qui</span> <span class='ocrx_word' id='word_1_82' title='bbox 1255 1586 1321 1652; x_wconf 87' lang='lat' dir='ltr'>fere</span> 
     </span>
     <span class='ocr_line' id='line_1_11' title="bbox 202 1697 1327 1786; baseline 0.003 -23"><span class='ocrx_word' id='word_1_83' title='bbox 202 1719 370 1783; x_wconf 91' lang='lat' dir='ltr'>nunquam</span> <span class='ocrx_word' id='word_1_84' title='bbox 392 1717 507 1762; x_wconf 91' lang='lat' dir='ltr'>nauem</span> <span class='ocrx_word' id='word_1_85' title='bbox 532 1698 571 1761; x_wconf 89' lang='lat' dir='ltr'>ad</span> <span class='ocrx_word' id='word_1_86' title='bbox 596 1697 744 1781; x_wconf 83' lang='lat' dir='ltr'>scopulos</span> <span class='ocrx_word' id='word_1_87' title='bbox 757 1697 915 1763; x_wconf 83' lang='lat' dir='ltr'>adflictam</span> <span class='ocrx_word' id='word_1_88' title='bbox 928 1698 1069 1784; x_wconf 91' lang='lat' dir='ltr'>uideant,</span> <span class='ocrx_word' id='word_1_89' title='bbox 1083 1719 1157 1764; x_wconf 93' lang='lat' dir='ltr'>oum</span> <span class='ocrx_word' id='word_1_90' title='bbox 1169 1719 1327 1786; x_wconf 49' lang='lat' dir='ltr'>prospere&gt;</span> 
     </span>
     <span class='ocr_line' id='line_1_12' title="bbox 202 1813 1318 1898; baseline 0.002 -21"><span class='ocrx_word' id='word_1_91' title='bbox 202 1815 393 1898; x_wconf 86' lang='lat' dir='ltr'>nauigantes</span> <span class='ocrx_word' id='word_1_92' title='bbox 423 1816 611 1895; x_wconf 91' lang='lat' dir='ltr'>rectumque</span> <span class='ocrx_word' id='word_1_93' title='bbox 642 1831 771 1876; x_wconf 87' lang='lat' dir='ltr'>cursum</span> <span class='ocrx_word' id='word_1_94' title='bbox 804 1816 948 1877; x_wconf 86' lang='lat' dir='ltr'>tenentes</span> <span class='ocrx_word' id='word_1_95' title='bbox 976 1831 1018 1878; x_wconf 92' lang='lat' dir='ltr'>ne</span> <span class='ocrx_word' id='word_1_96' title='bbox 1048 1813 1150 1897; x_wconf 87' lang='lat' dir='ltr'>plenis</span> <span class='ocrx_word' id='word_1_97' title='bbox 1174 1813 1318 1879; x_wconf 87' lang='lat' dir='ltr'>ferantur</span> 
     </span>
     <span class='ocr_line' id='line_1_13' title="bbox 202 1925 1315 2014; baseline -0.003 -20"><span class='ocrx_word' id='word_1_98' title='bbox 202 1930 285 1994; x_wconf 86' lang='lat' dir='ltr'>uelis</span> <span class='ocrx_word' id='word_1_99' title='bbox 316 1928 490 2014; x_wconf 90' lang='lat' dir='ltr'>prudenter</span> <span class='ocrx_word' id='word_1_100' title='bbox 519 1930 661 1992; x_wconf 88' lang='lat' dir='ltr'>caueant.</span> <span class='ocrx_word' id='word_1_101' title='bbox 692 1925 754 1993; x_wconf 83' lang='lat' dir='ltr'>Ofr.</span> <span class='ocrx_word' id='word_1_102' title='bbox 788 1929 816 2011; x_wconf 89' lang='lat'>3,</span> <span class='ocrx_word' id='word_1_103' title='bbox 845 1928 896 2010; x_wconf 89' lang='lat'>30,</span> <span class='ocrx_word' id='word_1_104' title='bbox 919 1930 957 2008; x_wconf 91' lang='grc'>4,</span> <span class='ocrx_word' id='word_1_105' title='bbox 982 1929 1010 2011; x_wconf 89' lang='grc'>2,</span> <span class='ocrx_word' id='word_1_106' title='bbox 1035 1927 1086 2011; x_wconf 88' lang='grc'>60,</span> <span class='ocrx_word' id='word_1_107' title='bbox 1109 1929 1146 2008; x_wconf 94' lang='grc'>2,</span> <span class='ocrx_word' id='word_1_108' title='bbox 1172 1929 1200 2010; x_wconf 95' lang='grc'>5,</span> <span class='ocrx_word' id='word_1_109' title='bbox 1225 1929 1254 2012; x_wconf 96' lang='grc'>9,</span> <span class='ocrx_word' id='word_1_110' title='bbox 1278 1929 1315 2010; x_wconf 92' lang='grc'>4,</span> 
     </span>
     <span class='ocr_line' id='line_1_14' title="bbox 203 2040 1315 2129; baseline 0 -20"><span class='ocrx_word' id='word_1_111' title='bbox 203 2047 235 2129; x_wconf 88' lang='grc'>8,</span> <span class='ocrx_word' id='word_1_112' title='bbox 267 2045 319 2128; x_wconf 93' lang='grc'>64,</span> <span class='ocrx_word' id='word_1_113' title='bbox 351 2046 372 2106; x_wconf 99' lang='grc'>4</span> <span class='ocrx_word' id='word_1_114' title='bbox 402 2047 459 2108; x_wconf 87' lang='lat' dir='ltr'>eto.</span> <span class='ocrx_word' id='word_1_115' title='bbox 486 2041 559 2106; x_wconf 90' lang='lat' dir='ltr'>Non</span> <span class='ocrx_word' id='word_1_116' title='bbox 581 2045 659 2106; x_wconf 85' lang='lat' dir='ltr'>sunt</span> <span class='ocrx_word' id='word_1_117' title='bbox 680 2041 909 2126; x_wconf 87' lang='lat' dir='ltr'>praetereunda</span> <span class='ocrx_word' id='word_1_118' title='bbox 931 2041 1030 2106; x_wconf 90' lang='lat' dir='ltr'>uerba</span> <span class='ocrx_word' id='word_1_119' title='bbox 1053 2040 1196 2106; x_wconf 83' lang='lat' dir='ltr'>Creontis</span> <span class='ocrx_word' id='word_1_120' title='bbox 1220 2041 1315 2126; x_wconf 84' lang='lat' dir='ltr'>Soph.</span> 
     </span>
     <span class='ocr_line' id='line_1_15' title="bbox 204 2153 1316 2242; baseline -0.001 -20"><span class='ocrx_word' id='word_1_121' title='bbox 204 2159 313 2242; x_wconf 78' lang='lat' dir='ltr'>Anfig.</span> <span class='ocrx_word' id='word_1_122' title='bbox 339 2157 401 2220; x_wconf 88' lang='grc'>163</span> <span class='ocrx_word' id='word_1_123' title='bbox 417 2176 485 2240; x_wconf 85' lang='lat' dir='ltr'>sqq.</span> <span class='ocrx_word' id='word_1_124' title='bbox 510 2153 618 2237; x_wconf 71' lang='grc' dir='ltr'><em>ίίνδρες,</em></span> <span class='ocrx_word' id='word_1_125' title='bbox 642 2153 683 2219; x_wconf 79' lang='grc' dir='ltr'>τίν</span> <span class='ocrx_word' id='word_1_126' title='bbox 705 2155 760 2233; x_wconf 84' lang='grc' dir='ltr'>μέν</span> <span class='ocrx_word' id='word_1_127' title='bbox 783 2154 818 2228; x_wconf 70' lang='grc' dir='ltr'>δὴ</span> <span class='ocrx_word' id='word_1_128' title='bbox 840 2154 943 2226; x_wconf 87' lang='grc' dir='ltr'><em>πθλεος</em></span> <span class='ocrx_word' id='word_1_129' title='bbox 966 2153 1115 2236; x_wconf 79' lang='grc' dir='ltr'><em>ἀσφαλῶς</em></span> <span class='ocrx_word' id='word_1_130' title='bbox 1139 2153 1203 2229; x_wconf 79' lang='grc' dir='ltr'><em>θεοί,</em></span> <span class='ocrx_word' id='word_1_131' title='bbox 1217 2157 1316 2238; x_wconf 78' lang='grc' dir='ltr'><em>πολλῷ</em></span> 
     </span>
     <span class='ocr_line' id='line_1_16' title="bbox 203 2268 1316 2353; baseline -0.004 -16"><span class='ocrx_word' id='word_1_132' title='bbox 203 2271 285 2353; x_wconf 87' lang='grc' dir='ltr'><em>σοίλιρ</em></span> <span class='ocrx_word' id='word_1_133' title='bbox 319 2269 477 2344; x_wconf 88' lang='grc' dir='ltr'><em>σείσαντες,</em></span> <span class='ocrx_word' id='word_1_134' title='bbox 512 2268 642 2351; x_wconf 83' lang='grc' dir='ltr'><em>ὤρθωσαν</em></span> <span class='ocrx_word' id='word_1_135' title='bbox 674 2268 773 2334; x_wconf 85' lang='grc' dir='ltr'><em>ποίλιν.</em></span> <span class='ocrx_word' id='word_1_136' title='bbox 808 2270 869 2334; x_wconf 83' lang='lat' dir='ltr'>cfr.</span> <span class='ocrx_word' id='word_1_137' title='bbox 903 2270 1020 2336; x_wconf 90' lang='lat' dir='ltr'>ibidem</span> <span class='ocrx_word' id='word_1_138' title='bbox 1047 2271 1109 2334; x_wconf 89' lang='grc'>190</span> <span class='ocrx_word' id='word_1_139' title='bbox 1134 2269 1182 2333; x_wconf 77' lang='grc' dir='ltr'>καί</span> <span class='ocrx_word' id='word_1_140' title='bbox 1205 2268 1316 2344; x_wconf 74' lang='grc' dir='ltr'><em>ταύτης</em></span> 
     </span>
    </p>
   </div>
   <div class='ocr_carea' id='block_1_3' title="bbox 202 2382 1422 2472">
    <p class='ocr_par' dir='ltr' id='par_1_4' title="bbox 202 2382 1422 2472">
     <span class='ocr_line' id='line_1_17' title="bbox 202 2382 1422 2472; baseline -0.002 -23"><span class='ocrx_word' id='word_1_141' title='bbox 202 2385 249 2450; x_wconf 82' lang='grc' dir='ltr'>ἔπι</span> <span class='ocrx_word' id='word_1_142' title='bbox 271 2384 408 2458; x_wconf 77' lang='grc' dir='ltr'><em>πλέοντες</em></span> <span class='ocrx_word' id='word_1_143' title='bbox 430 2386 517 2469; x_wconf 78' lang='grc' dir='ltr'><em>θρθῆς,</em></span> <span class='ocrx_word' id='word_1_144' title='bbox 543 2387 606 2449; x_wconf 86' lang='grc'>994</span> <span class='ocrx_word' id='word_1_145' title='bbox 630 2383 728 2465; x_wconf 73' lang='lat' dir='ltr'>royda</span> <span class='ocrx_word' id='word_1_146' title='bbox 752 2383 787 2448; x_wconf 76' lang='grc' dir='ltr'>δι’</span> <span class='ocrx_word' id='word_1_147' title='bbox 812 2385 891 2465; x_wconf 79' lang='grc' dir='ltr'><em>σ’ρθῆς</em></span> <span class='ocrx_word' id='word_1_148' title='bbox 914 2382 994 2457; x_wconf 68' lang='grc' dir='ltr'><em>τὴνδ’</em></span> <span class='ocrx_word' id='word_1_149' title='bbox 1017 2382 1198 2464; x_wconf 71' lang='grc' dir='ltr'><em>ἐναυκλήρεις</em></span> <span class='ocrx_word' id='word_1_150' title='bbox 1221 2382 1315 2451; x_wconf 79' lang='grc' dir='ltr'><em>πόλιν.</em></span> <span class='ocrx_word' id='word_1_151' title='bbox 1421 2469 1422 2472; x_wconf 8' lang='lat'>¹</span> 
     </span>
    </p>
   </div>
   <div class='ocr_carea' id='block_1_4' title="bbox 200 2498 1317 4177">
    <p class='ocr_par' dir='ltr' id='par_1_5' title="bbox 200 2498 1317 4177">
     <span class='ocr_line' id='line_1_18' title="bbox 202 2498 1317 2584; baseline -0.002 -20"><span class='ocrx_word' id='word_1_152' title='bbox 202 2500 254 2584; x_wconf 73' lang='lat' dir='ltr'>Ad</span> <span class='ocrx_word' id='word_1_153' title='bbox 283 2500 367 2564; x_wconf 91' lang='lat' dir='ltr'>idem</span> <span class='ocrx_word' id='word_1_154' title='bbox 397 2518 500 2583; x_wconf 87' lang='lat' dir='ltr'>genus</span> <span class='ocrx_word' id='word_1_155' title='bbox 530 2498 731 2564; x_wconf 89' lang='lat' dir='ltr'>referendum</span> <span class='ocrx_word' id='word_1_156' title='bbox 762 2498 923 2581; x_wconf 82' lang='grc' dir='ltr'><em>κατορθοῦν,</em></span> <span class='ocrx_word' id='word_1_157' title='bbox 954 2499 1007 2563; x_wconf 90' lang='lat' dir='ltr'>oui</span> <span class='ocrx_word' id='word_1_158' title='bbox 1031 2516 1123 2581; x_wconf 88' lang='lat' dir='ltr'>saepe</span> <span class='ocrx_word' id='word_1_159' title='bbox 1147 2499 1317 2582; x_wconf 89' lang='lat' dir='ltr'>opponitur</span> 
     </span>
     <span class='ocr_line' id='line_1_19' title="bbox 202 2606 1314 2696; baseline -0.001 -21"><span class='ocrx_word' id='word_1_160' title='bbox 202 2611 325 2695; x_wconf 82' lang='grc' dir='ltr'><em>πταίειν,</em></span> <span class='ocrx_word' id='word_1_161' title='bbox 360 2612 389 2696; x_wconf 93' lang='grc'>6,</span> <span class='ocrx_word' id='word_1_162' title='bbox 425 2614 474 2696; x_wconf 89' lang='grc'>12,</span> <span class='ocrx_word' id='word_1_163' title='bbox 511 2614 527 2674; x_wconf 94' lang='grc'>1</span> <span class='ocrx_word' id='word_1_164' title='bbox 563 2609 580 2684; x_wconf 80' lang='grc' dir='ltr'>ἢ</span> <span class='ocrx_word' id='word_1_165' title='bbox 612 2609 841 2691; x_wconf 78' lang='grc' dir='ltr'><em>κατορθώσαντες</em></span> <span class='ocrx_word' id='word_1_166' title='bbox 871 2608 958 2691; x_wconf 83' lang='grc' dir='ltr'><em>χοίριν</em></span> <span class='ocrx_word' id='word_1_167' title='bbox 989 2608 1032 2688; x_wconf 70' lang='grc' dir='ltr'>μὴ</span> <span class='ocrx_word' id='word_1_168' title='bbox 1064 2606 1150 2684; x_wconf 72' lang='grc' dir='ltr'><em>ι’νξίαν</em></span> <span class='ocrx_word' id='word_1_169' title='bbox 1172 2608 1314 2684; x_wconf 72' lang='grc' dir='ltr'><em>είδένανῆ</em></span> 
     </span>
     <span class='ocr_line' id='line_1_20' title="bbox 202 2720 1316 2808; baseline -0.001 -18"><span class='ocrx_word' id='word_1_170' title='bbox 202 2722 389 2797; x_wconf 74' lang='grc' dir='ltr'><em>πταίσαντας</em></span> <span class='ocrx_word' id='word_1_171' title='bbox 423 2747 478 2789; x_wconf 91' lang='grc' dir='ltr'>που</span> <span class='ocrx_word' id='word_1_172' title='bbox 508 2723 574 2796; x_wconf 83' lang='grc' dir='ltr'><em>τοὺς</em></span> <span class='ocrx_word' id='word_1_173' title='bbox 604 2723 708 2806; x_wconf 81' lang='grc' dir='ltr'><em>Φίλους</em></span> <span class='ocrx_word' id='word_1_174' title='bbox 737 2720 941 2798; x_wconf 78' lang='grc' dir='ltr'><em>ξυναπολέσαι.</em></span> <span class='ocrx_word' id='word_1_175' title='bbox 972 2725 1122 2808; x_wconf 86' lang='lat' dir='ltr'>Aequum</span> <span class='ocrx_word' id='word_1_176' title='bbox 1154 2728 1209 2802; x_wconf 84' lang='lat' dir='ltr'>est,</span> <span class='ocrx_word' id='word_1_177' title='bbox 1239 2725 1316 2789; x_wconf 89' lang='lat' dir='ltr'>dicit</span> 
     </span>
     <span class='ocr_line' id='line_1_21' title="bbox 202 2839 1315 2923; baseline -0.002 -19"><span class='ocrx_word' id='word_1_178' title='bbox 202 2840 320 2923; x_wconf 87' lang='lat' dir='ltr'>Nicias,</span> <span class='ocrx_word' id='word_1_179' title='bbox 350 2839 434 2903; x_wconf 88' lang='lat' dir='ltr'>bona</span> <span class='ocrx_word' id='word_1_180' title='bbox 463 2844 559 2923; x_wconf 89' lang='lat' dir='ltr'>atque</span> <span class='ocrx_word' id='word_1_181' title='bbox 582 2858 714 2923; x_wconf 87' lang='lat' dir='ltr'>corpora</span> <span class='ocrx_word' id='word_1_182' title='bbox 735 2839 827 2903; x_wconf 87' lang='lat' dir='ltr'>nobis</span> <span class='ocrx_word' id='word_1_183' title='bbox 850 2841 928 2922; x_wconf 82' lang='lat' dir='ltr'>ipsis</span> <span class='ocrx_word' id='word_1_184' title='bbox 952 2859 1012 2903; x_wconf 87' lang='lat' dir='ltr'>nos</span> <span class='ocrx_word' id='word_1_185' title='bbox 1035 2839 1226 2923; x_wconf 89' lang='lat' dir='ltr'>impendere,</span> <span class='ocrx_word' id='word_1_186' title='bbox 1249 2859 1315 2902; x_wconf 88' lang='lat' dir='ltr'>non</span> 
     </span>
     <span class='ocr_line' id='line_1_22' title="bbox 202 2943 1315 3037; baseline -0.001 -19"><span class='ocrx_word' id='word_1_187' title='bbox 202 2943 280 3018; x_wconf 89' lang='lat' dir='ltr'>uero</span> <span class='ocrx_word' id='word_1_188' title='bbox 299 2956 340 3018; x_wconf 82' lang='lat' dir='ltr'>iio</span> <span class='ocrx_word' id='word_1_189' title='bbox 364 2953 482 3037; x_wconf 86' lang='lat' dir='ltr'>quibus</span> <span class='ocrx_word' id='word_1_190' title='bbox 504 2953 674 3037; x_wconf 87' lang='lat' dir='ltr'>pulchrum</span> <span class='ocrx_word' id='word_1_191' title='bbox 698 2957 746 3017; x_wconf 90' lang='lat' dir='ltr'>est</span> <span class='ocrx_word' id='word_1_192' title='bbox 768 2954 896 3016; x_wconf 89' lang='lat' dir='ltr'>mentiri</span> <span class='ocrx_word' id='word_1_193' title='bbox 921 2954 1042 3037; x_wconf 88' lang='lat' dir='ltr'>quiquo</span> <span class='ocrx_word' id='word_1_194' title='bbox 1066 2955 1092 3017; x_wconf 90' lang='lat' dir='ltr'>si</span> <span class='ocrx_word' id='word_1_195' title='bbox 1112 2953 1245 3018; x_wconf 78' lang='lat' dir='ltr'>feliciter</span> <span class='ocrx_word' id='word_1_196' title='bbox 1264 2971 1315 3017; x_wconf 86' lang='lat' dir='ltr'>res</span> 
     </span>
     <span class='ocr_line' id='line_1_23' title="bbox 201 3065 1315 3152; baseline -0.001 -20"><span class='ocrx_word' id='word_1_197' title='bbox 201 3068 380 3152; x_wconf 84' lang='lat' dir='ltr'>peregerint</span> <span class='ocrx_word' id='word_1_198' title='bbox 410 3068 543 3150; x_wconf 91' lang='lat' dir='ltr'>gratiam</span> <span class='ocrx_word' id='word_1_199' title='bbox 575 3066 711 3130; x_wconf 92' lang='lat' dir='ltr'>debitam</span> <span class='ocrx_word' id='word_1_200' title='bbox 742 3086 807 3130; x_wconf 92' lang='lat' dir='ltr'>non</span> <span class='ocrx_word' id='word_1_201' title='bbox 839 3065 975 3131; x_wconf 87' lang='lat' dir='ltr'>referent</span> <span class='ocrx_word' id='word_1_202' title='bbox 998 3071 1053 3131; x_wconf 89' lang='lat' dir='ltr'>aut</span> <span class='ocrx_word' id='word_1_203' title='bbox 1076 3065 1164 3131; x_wconf 90' lang='lat' dir='ltr'>clade</span> <span class='ocrx_word' id='word_1_204' title='bbox 1187 3071 1315 3152; x_wconf 85' lang='lat' dir='ltr'>accepta</span> 
     </span>
     <span class='ocr_line' id='line_1_24' title="bbox 202 3180 1314 3265; baseline 0.001 -22"><span class='ocrx_word' id='word_1_205' title='bbox 202 3182 321 3244; x_wconf 87' lang='lat' dir='ltr'>amicos</span> <span class='ocrx_word' id='word_1_206' title='bbox 355 3199 464 3245; x_wconf 81' lang='lat' dir='ltr'>secum</span> <span class='ocrx_word' id='word_1_207' title='bbox 498 3181 532 3243; x_wconf 91' lang='lat' dir='ltr'>in</span> <span class='ocrx_word' id='word_1_208' title='bbox 564 3181 737 3263; x_wconf 85' lang='lat' dir='ltr'>perniciem</span> <span class='ocrx_word' id='word_1_209' title='bbox 772 3181 903 3244; x_wconf 89' lang='lat' dir='ltr'>trahent.</span> <span class='ocrx_word' id='word_1_210' title='bbox 935 3180 1024 3245; x_wconf 89' lang='lat' dir='ltr'>Haec</span> <span class='ocrx_word' id='word_1_211' title='bbox 1054 3185 1102 3244; x_wconf 84' lang='lat' dir='ltr'>est</span> <span class='ocrx_word' id='word_1_212' title='bbox 1132 3182 1253 3265; x_wconf 88' lang='lat' dir='ltr'>imago:</span> <span class='ocrx_word' id='word_1_213' title='bbox 1286 3182 1314 3244; x_wconf 87' lang='lat' dir='ltr'>si</span> 
     </span>
     <span class='ocr_line' id='line_1_25' title="bbox 201 3295 1314 3381; baseline 0.002 -23"><span class='ocrx_word' id='word_1_214' title='bbox 201 3298 325 3359; x_wconf 90' lang='lat' dir='ltr'>rectum</span> <span class='ocrx_word' id='word_1_215' title='bbox 356 3313 486 3358; x_wconf 85' lang='lat' dir='ltr'>cursum</span> <span class='ocrx_word' id='word_1_216' title='bbox 518 3296 678 3358; x_wconf 88' lang='lat' dir='ltr'>tenuerint</span> <span class='ocrx_word' id='word_1_217' title='bbox 706 3331 745 3340; x_wconf 88' lang='lat'>—-</span> <span class='ocrx_word' id='word_1_218' title='bbox 771 3295 820 3358; x_wconf 83' lang='lat' dir='ltr'>sin</span> <span class='ocrx_word' id='word_1_219' title='bbox 843 3313 920 3381; x_wconf 89' lang='lat' dir='ltr'>uero</span> <span class='ocrx_word' id='word_1_220' title='bbox 944 3295 984 3358; x_wconf 92' lang='lat' dir='ltr'>ad</span> <span class='ocrx_word' id='word_1_221' title='bbox 1007 3295 1154 3379; x_wconf 86' lang='lat' dir='ltr'>scopulos</span> <span class='ocrx_word' id='word_1_222' title='bbox 1178 3296 1314 3360; x_wconf 87' lang='lat' dir='ltr'>offende-</span> 
     </span>
     <span class='ocr_line' id='line_1_26' title="bbox 200 3406 1315 3492; baseline 0 -21"><span class='ocrx_word' id='word_1_223' title='bbox 200 3409 266 3471; x_wconf 89' lang='lat' dir='ltr'>rint</span> <span class='ocrx_word' id='word_1_224' title='bbox 290 3427 398 3472; x_wconf 83' lang='lat' dir='ltr'>seeum</span> <span class='ocrx_word' id='word_1_225' title='bbox 422 3408 562 3491; x_wconf 91' lang='lat' dir='ltr'>perdent.</span> <span class='ocrx_word' id='word_1_226' title='bbox 587 3406 648 3470; x_wconf 83' lang='lat' dir='ltr'>Otr.</span> <span class='ocrx_word' id='word_1_227' title='bbox 673 3409 702 3490; x_wconf 91' lang='lat'>8,</span> <span class='ocrx_word' id='word_1_228' title='bbox 726 3409 755 3489; x_wconf 89' lang='grc'>2,</span> <span class='ocrx_word' id='word_1_229' title='bbox 780 3408 817 3487; x_wconf 95' lang='grc'>1,</span> <span class='ocrx_word' id='word_1_230' title='bbox 842 3407 870 3490; x_wconf 89' lang='lat'>6,</span> <span class='ocrx_word' id='word_1_231' title='bbox 893 3409 945 3490; x_wconf 87' lang='lat'>38,</span> <span class='ocrx_word' id='word_1_232' title='bbox 968 3410 1007 3488; x_wconf 93' lang='grc'>2,</span> <span class='ocrx_word' id='word_1_233' title='bbox 1032 3409 1063 3492; x_wconf 94' lang='grc'>2,</span> <span class='ocrx_word' id='word_1_234' title='bbox 1085 3409 1139 3490; x_wconf 88' lang='grc'>42,</span> <span class='ocrx_word' id='word_1_235' title='bbox 1162 3411 1198 3489; x_wconf 90' lang='grc'>4,</span> <span class='ocrx_word' id='word_1_236' title='bbox 1220 3410 1249 3490; x_wconf 90' lang='lat'>3,</span> <span class='ocrx_word' id='word_1_237' title='bbox 1261 3411 1315 3491; x_wconf 85' lang='lat'>42,</span> 
     </span>
     <span class='ocr_line' id='line_1_27' title="bbox 201 3519 1314 3605; baseline 0.001 -22"><span class='ocrx_word' id='word_1_238' title='bbox 201 3521 231 3604; x_wconf 91' lang='grc'>6,</span> <span class='ocrx_word' id='word_1_239' title='bbox 265 3521 321 3585; x_wconf 91' lang='lat' dir='ltr'>ubi</span> <span class='ocrx_word' id='word_1_240' title='bbox 354 3519 367 3583; x_wconf 81' lang='grc' dir='ltr'><strong><em>ὁ</em></strong></span> <span class='ocrx_word' id='word_1_241' title='bbox 398 3520 538 3599; x_wconf 83' lang='grc' dir='ltr'><em>κατορθῶν</em></span> <span class='ocrx_word' id='word_1_242' title='bbox 570 3521 678 3585; x_wconf 92' lang='lat' dir='ltr'>eodem</span> <span class='ocrx_word' id='word_1_243' title='bbox 711 3521 822 3585; x_wconf 89' lang='lat' dir='ltr'>ordine</span> <span class='ocrx_word' id='word_1_244' title='bbox 852 3521 986 3586; x_wconf 88' lang='lat' dir='ltr'>habetur</span> <span class='ocrx_word' id='word_1_245' title='bbox 1013 3527 1108 3605; x_wconf 91' lang='lat' dir='ltr'>atque</span> <span class='ocrx_word' id='word_1_246' title='bbox 1129 3520 1142 3584; x_wconf 83' lang='grc' dir='ltr'><em>ί</em></span> <span class='ocrx_word' id='word_1_247' title='bbox 1166 3521 1314 3600; x_wconf 78' lang='grc' dir='ltr'><em>ἐπιτυχών</em></span> 
     </span>
     <span class='ocr_line' id='line_1_28' title="bbox 204 3635 1313 3721; baseline 0.002 -23"><span class='ocrx_word' id='word_1_248' title='bbox 204 3637 230 3719; x_wconf 92' lang='lat' dir='ltr'>l,</span> <span class='ocrx_word' id='word_1_249' title='bbox 257 3635 329 3718; x_wconf 88' lang='lat'>120,</span> <span class='ocrx_word' id='word_1_250' title='bbox 354 3637 383 3701; x_wconf 88' lang='grc'>5.</span> <span class='ocrx_word' id='word_1_251' title='bbox 407 3635 506 3718; x_wconf 84' lang='lat' dir='ltr'>Saepe</span> <span class='ocrx_word' id='word_1_252' title='bbox 530 3636 622 3699; x_wconf 90' lang='lat' dir='ltr'>etiam</span> <span class='ocrx_word' id='word_1_253' title='bbox 648 3636 818 3719; x_wconf 86' lang='lat' dir='ltr'>opponitur</span> <span class='ocrx_word' id='word_1_254' title='bbox 839 3639 994 3714; x_wconf 74' lang='grc' dir='ltr'><em>σφαλῆναι</em></span> <span class='ocrx_word' id='word_1_255' title='bbox 1019 3638 1047 3719; x_wconf 89' lang='grc'>3,</span> <span class='ocrx_word' id='word_1_256' title='bbox 1071 3638 1123 3719; x_wconf 87' lang='grc'>39,</span> <span class='ocrx_word' id='word_1_257' title='bbox 1147 3636 1183 3717; x_wconf 83' lang='grc'>7,</span> <span class='ocrx_word' id='word_1_258' title='bbox 1210 3638 1238 3713; x_wconf 89' lang='lat'>3,</span> <span class='ocrx_word' id='word_1_259' title='bbox 1262 3638 1313 3721; x_wconf 90' lang='grc'>14,</span> 
     </span>
     <span class='ocr_line' id='line_1_29' title="bbox 202 3747 1311 3837; baseline 0.005 -26"><span class='ocrx_word' id='word_1_260' title='bbox 202 3750 238 3830; x_wconf 95' lang='grc'>1,</span> <span class='ocrx_word' id='word_1_261' title='bbox 275 3751 304 3832; x_wconf 90' lang='grc'>2,</span> <span class='ocrx_word' id='word_1_262' title='bbox 334 3749 385 3832; x_wconf 88' lang='grc'>65,</span> <span class='ocrx_word' id='word_1_263' title='bbox 418 3749 445 3812; x_wconf 82' lang='grc'>7.</span> <span class='ocrx_word' id='word_1_264' title='bbox 474 3748 564 3812; x_wconf 90' lang='lat' dir='ltr'>Idem</span> <span class='ocrx_word' id='word_1_265' title='bbox 595 3750 681 3813; x_wconf 90' lang='lat' dir='ltr'>ualet</span> <span class='ocrx_word' id='word_1_266' title='bbox 711 3747 848 3826; x_wconf 83' lang='grc' dir='ltr'><em>νέμεσθαι</em></span> <span class='ocrx_word' id='word_1_267' title='bbox 873 3751 902 3834; x_wconf 88' lang='grc'>2,</span> <span class='ocrx_word' id='word_1_268' title='bbox 927 3749 980 3835; x_wconf 91' lang='grc'>62,</span> <span class='ocrx_word' id='word_1_269' title='bbox 1005 3752 1033 3813; x_wconf 91' lang='grc'>2.</span> <span class='ocrx_word' id='word_1_270' title='bbox 1058 3748 1193 3831; x_wconf 87' lang='grc' dir='ltr'><em>Φέρεσθαι</em></span> <span class='ocrx_word' id='word_1_271' title='bbox 1216 3757 1311 3837; x_wconf 84' lang='lat' dir='ltr'>recte,</span> 
     </span>
     <span class='ocr_line' id='line_1_30' title="bbox 200 3863 1312 3950; baseline 0.005 -24"><span class='ocrx_word' id='word_1_272' title='bbox 200 3882 270 3927; x_wconf 91' lang='lat' dir='ltr'>meo</span> <span class='ocrx_word' id='word_1_273' title='bbox 302 3864 431 3947; x_wconf 92' lang='lat' dir='ltr'>quidem</span> <span class='ocrx_word' id='word_1_274' title='bbox 462 3863 591 3948; x_wconf 89' lang='lat' dir='ltr'>iudicio,</span> <span class='ocrx_word' id='word_1_275' title='bbox 617 3866 669 3928; x_wconf 91' lang='lat' dir='ltr'>uir</span> <span class='ocrx_word' id='word_1_276' title='bbox 698 3865 901 3929; x_wconf 85' lang='lat' dir='ltr'>doctissimus</span> <span class='ocrx_word' id='word_1_277' title='bbox 926 3865 1052 3930; x_wconf 85' lang='lat' dir='ltr'>Coenon</span> <span class='ocrx_word' id='word_1_278' title='bbox 1074 3868 1154 3950; x_wconf 85' lang='lat' dir='ltr'>(pag.</span> <span class='ocrx_word' id='word_1_279' title='bbox 1179 3869 1231 3944; x_wconf 76' lang='lat'>18)</span> <span class='ocrx_word' id='word_1_280' title='bbox 1256 3868 1312 3932; x_wconf 92' lang='lat' dir='ltr'>ubi</span> 
     </span>
     <span class='ocr_line' id='line_1_31' title="bbox 201 3975 1312 4063; baseline 0.003 -20"><span class='ocrx_word' id='word_1_281' title='bbox 201 3981 266 4063; x_wconf 90' lang='lat' dir='ltr'>agit</span> <span class='ocrx_word' id='word_1_282' title='bbox 297 3978 336 4042; x_wconf 91' lang='lat' dir='ltr'>de</span> <span class='ocrx_word' id='word_1_283' title='bbox 366 3978 516 4059; x_wconf 84' lang='lat' dir='ltr'>Aeschyl.</span> <span class='ocrx_word' id='word_1_284' title='bbox 547 3977 653 4043; x_wconf 92' lang='lat' dir='ltr'>Prom.</span> <span class='ocrx_word' id='word_1_285' title='bbox 678 3998 774 4044; x_wconf 85' lang='lat' dir='ltr'>uersu</span> <span class='ocrx_word' id='word_1_286' title='bbox 798 3981 878 4042; x_wconf 90' lang='lat'>883:</span> <span class='ocrx_word' id='word_1_287' title='bbox 904 3975 957 4054; x_wconf 78' lang='grc' dir='ltr'><em>έξιν</em></span> <span class='ocrx_word' id='word_1_288' title='bbox 981 3978 1084 4059; x_wconf 77' lang='grc' dir='ltr'><em>δρόμου</em></span> <span class='ocrx_word' id='word_1_289' title='bbox 1106 3978 1242 4061; x_wconf 80' lang='grc' dir='ltr'><em>φέρομαι,</em></span> <span class='ocrx_word' id='word_1_290' title='bbox 1266 3983 1312 4046; x_wconf 85' lang='lat' dir='ltr'>sie</span> 
     </span>
     <span class='ocr_line' id='line_1_32' title="bbox 200 4091 1310 4177; baseline 0.005 -23"><span class='ocrx_word' id='word_1_291' title='bbox 200 4094 426 4176; x_wconf 86' lang='lat' dir='ltr'>interpretatur</span> <span class='ocrx_word' id='word_1_292' title='bbox 451 4096 486 4155; x_wconf 91' lang='lat' dir='ltr'>ut</span> <span class='ocrx_word' id='word_1_293' title='bbox 509 4092 592 4155; x_wconf 86' lang='lat' dir='ltr'>dicat</span> <span class='ocrx_word' id='word_1_294' title='bbox 613 4091 658 4155; x_wconf 92' lang='lat' dir='ltr'>ibi</span> <span class='ocrx_word' id='word_1_295' title='bbox 681 4112 745 4155; x_wconf 92' lang='lat' dir='ltr'>non</span> <span class='ocrx_word' id='word_1_296' title='bbox 769 4093 807 4157; x_wconf 93' lang='lat' dir='ltr'>de</span> <span class='ocrx_word' id='word_1_297' title='bbox 829 4095 941 4177; x_wconf 88' lang='lat' dir='ltr'>auriga</span> <span class='ocrx_word' id='word_1_298' title='bbox 959 4098 990 4158; x_wconf 92' lang='lat' dir='ltr'>et</span> <span class='ocrx_word' id='word_1_299' title='bbox 1009 4113 1106 4158; x_wconf 89' lang='lat' dir='ltr'>curru</span> <span class='ocrx_word' id='word_1_300' title='bbox 1118 4096 1310 4159; x_wconf 90' lang='lat' dir='ltr'>mentionem</span> 
     </span>
    </p>
   </div>
   <div class='ocr_carea' id='block_1_5' title="bbox 197 4206 1310 4419">
    <p class='ocr_par' dir='ltr' id='par_1_6' title="bbox 197 4206 1310 4419">
     <span class='ocr_line' id='line_1_33' title="bbox 197 4206 1310 4291; baseline 0.001 -20"><span class='ocrx_word' id='word_1_301' title='bbox 197 4208 267 4272; x_wconf 89' lang='lat' dir='ltr'>fieri</span> <span class='ocrx_word' id='word_1_302' title='bbox 301 4207 356 4271; x_wconf 88' lang='lat' dir='ltr'>sed</span> <span class='ocrx_word' id='word_1_303' title='bbox 391 4206 430 4270; x_wconf 92' lang='lat' dir='ltr'>de</span> <span class='ocrx_word' id='word_1_304' title='bbox 460 4225 544 4270; x_wconf 92' lang='lat' dir='ltr'>naue</span> <span class='ocrx_word' id='word_1_305' title='bbox 575 4225 657 4291; x_wconf 89' lang='lat' dir='ltr'>quae</span> <span class='ocrx_word' id='word_1_306' title='bbox 687 4207 792 4271; x_wconf 86' lang='lat' dir='ltr'>uentis</span> <span class='ocrx_word' id='word_1_307' title='bbox 824 4212 938 4271; x_wconf 85' lang='lat' dir='ltr'>uexata</span> <span class='ocrx_word' id='word_1_308' title='bbox 962 4227 1092 4271; x_wconf 84' lang='lat' dir='ltr'>cursum</span> <span class='ocrx_word' id='word_1_309' title='bbox 1115 4212 1222 4272; x_wconf 87' lang='lat' dir='ltr'>tenere</span> <span class='ocrx_word' id='word_1_310' title='bbox 1245 4228 1310 4273; x_wconf 93' lang='lat' dir='ltr'>non</span> 
     </span>
     <span class='ocr_line' id='line_1_34' title="bbox 197 4319 1302 4419; baseline 0 -33"><span class='ocrx_word' id='word_1_311' title='bbox 197 4321 306 4419; x_wconf 72' lang='lat' dir='ltr'>poscit.</span> <span class='ocrx_word' id='word_1_312' title='bbox 329 4319 390 4384; x_wconf 84' lang='lat' dir='ltr'>Ofr.</span> <span class='ocrx_word' id='word_1_313' title='bbox 413 4320 503 4385; x_wconf 91' lang='lat' dir='ltr'>Plato</span> <span class='ocrx_word' id='word_1_314' title='bbox 526 4319 640 4401; x_wconf 80' lang='lat' dir='ltr'>Oratyl.</span> <span class='ocrx_word' id='word_1_315' title='bbox 665 4321 730 4383; x_wconf 87' lang='grc'>414</span> <span class='ocrx_word' id='word_1_316' title='bbox 753 4320 781 4383; x_wconf 92' lang='grc' dir='ltr'>Β</span> <span class='ocrx_word' id='word_1_317' title='bbox 806 4325 837 4384; x_wconf 91' lang='lat' dir='ltr'>et</span> <span class='ocrx_word' id='word_1_318' title='bbox 859 4321 924 4383; x_wconf 88' lang='grc'>425</span> <span class='ocrx_word' id='word_1_319' title='bbox 947 4322 986 4385; x_wconf 84' lang='lat' dir='ltr'>A.</span> <span class='ocrx_word' id='word_1_320' title='bbox 1007 4319 1059 4385; x_wconf 84' lang='lat' dir='ltr'>Sic</span> <span class='ocrx_word' id='word_1_321' title='bbox 1077 4321 1161 4386; x_wconf 89' lang='lat' dir='ltr'>idem</span> <span class='ocrx_word' id='word_1_322' title='bbox 1180 4341 1248 4406; x_wconf 90' lang='lat' dir='ltr'>pag.</span> <span class='ocrx_word' id='word_1_323' title='bbox 1264 4322 1302 4386; x_wconf 82' lang='grc'>11</span> 
     </span>
    </p>
   </div>
   <div class='ocr_carea' id='block_1_6' title="bbox 0 0 1524 4980">
    <p class='ocr_par' dir='ltr' id='par_1_7' title="bbox 0 0 1524 4980">
     <span class='ocr_line' id='line_1_35' title="bbox 0 0 1524 4980; baseline 0 2"><span class='ocrx_word' id='word_1_324' title='bbox 0 0 1524 4980; x_wconf 95' lang='lat' dir='ltr'> </span> 
     </span>
    </p>
   </div>
  </div>
 </body>
</html>
