3038 4980
651 499 691 563 73

116 684 227 749 habet:
262 680 350 756 ἵππος
381 681 510 758 ἀπενθής,
541 683 677 759 δυοήνιος.
710 685 801 771 Saue,
831 706 945 752 uerum
976 691 1004 753 si
1027 709 1225 776 quaeremus,

115 798 213 862 huius
244 797 393 862 uocabuli
417 795 536 872 απειοής
560 800 626 862 uim
651 799 691 863 ad
714 819 767 864 eos
790 800 934 865 homines
957 803 1115 886 pertinere
1137 823 1225 889 repo·

116 912 245 995 riemus,
269 912 325 995 qui
357 909 455 976 uerbo
479 911 614 976 alicuius
636 932 700 976 non
724 917 800 976 sunt
823 914 996 979 audientes.
1019 916 1064 980 At
1085 936 1161 981 mox
1185 918 1224 981 ob

112 1025 227 1087 miram
250 1025 489 1089 similitudinem
513 1027 548 1088 in
571 1045 689 1110 equum
710 1032 758 1091 est
776 1027 972 1092 translatum.
995 1027 1056 1093 cfr.
1077 1029 1224 1115 Xenoph.

113 1136 220 1221 Equit.
246 1139 274 1221 3,
297 1138 325 1201 6.
347 1136 477 1222 Legitur
499 1139 592 1202 etiam
617 1136 746 1212 εὐπειθής
769 1139 847 1204 Plat.
871 1139 1002 1206 Phaedr.
1030 1141 1093 1204 254
1116 1143 1146 1206 A
1170 1142 1227 1207 ubi

114 1253 220 1335 agitur
254 1252 293 1316 de
327 1271 417 1335 equo,
451 1252 564 1316 deinde
598 1271 674 1316 uero
709 1253 742 1315 in
773 1272 888 1318 nauem
921 1259 958 1318 ut
981 1254 1080 1318 multa
1103 1256 1164 1319 alia
1187 1257 1227 1320 ad

115 1385 234 1450 equum
258 1384 339 1449 quae
362 1365 528 1449 pertinent.
551 1364 653 1449 liquis
675 1367 764 1449 prius
788 1367 840 1431 usi
862 1370 938 1431 sunt
960 1367 1104 1432 homines
1129 1389 1226 1452 quam

114 1479 264 1563 nauibus,
300 1478 417 1564 quibus
452 1499 525 1543 oum
559 1481 608 1543 uti
639 1481 816 1563 coepissent
847 1482 951 1545 statim
985 1500 1054 1546 esse
1077 1502 1224 1567 magnam

113 1595 254 1660 nauibus
289 1615 363 1659 oum
398 1595 489 1678 equis
518 1593 758 1658 similitudinem
791 1595 949 1659 uiderunt.
980 1594 1140 1661 Homerus
1162 1599 1227 1661 iam

65 1708 68 1711 ’
112 1707 184 1781 atain
221 1705 326 1781 ἵππους
357 1707 414 1772 Od.
438 1710 470 1793 4,
495 1708 557 1772 708
581 1709 711 1773 uocauit
734 1727 833 1773 naues
856 1709 967 1774 eodem
992 1711 1086 1774 modo
1110 1730 1226 1776 aenos

113 1824 251 1887 camelos
275 1823 457 1886 solitudinis
481 1840 581 1885 naues
600 1840 762 1886 uooamus.
783 1821 916 1886 Fallitur
933 1824 1032 1906 igitur
1044 1822 1225 1890 Classenius

114 1939 171 2024 qui
202 1938 428 2002 animaduertit
460 1936 596 2001 Graecos
627 1937 718 2000 iuxta
742 1941 773 2002 et
795 1936 976 2022 Britannos,
998 1938 1056 2002 ubi
1079 1938 1117 2003 de
1139 1941 1227 2003 naui·

116 2051 178 2115 bus
216 2055 338 2136 agatur,
372 2070 409 2116 eo
442 2051 573 2114 nomina
606 2069 769 2134 usurpare,
805 2051 923 2134 quibus
957 2053 1083 2136 proprie
1116 2053 1224 2117 uariae

115 2164 284 2228 hominum
317 2164 498 2228 indicentur
520 2163 724 2227 conditiones.
749 2162 800 2227 Sio
823 2165 939 2248 legitur
962 2165 1046 2249 apud
1068 2164 1225 2246 Thucydi-

112 2277 185 2341 dem
222 2279 251 2360 2,
287 2279 340 2362 84,
376 2279 394 2340 3
428 2275 616 2356 κυβερνήταις
649 2273 851 2357 οέπειθεστέρας
885 2277 941 2349 τοὶς
975 2276 1044 2350 ναὺς
1074 2285 1223 2359 παρεῖχον.

111 2391 242 2475 Equum
272 2391 420 2455 cohibere
443 2390 559 2453 dieitur
581 2386 707 2467 ἐπέχειν.
728 2388 790 2455 Gfr.
815 2389 908 2475 Soph.
931 2392 981 2455 Αἱ.
1007 2394 1070 2455 833
1094 2392 1225 2472 ἐπισχὼν

111 2506 289 2585 χρυσόνιυτον
319 2502 407 2576 ἡνίαν.
432 2503 484 2567 sic
506 2503 601 2567 Thue.
624 2500 804 2582 ἐπισχόντας
825 2501 866 2566 τα
887 2503 955 2584 πρὸς
977 2503 1134 2585 Ἀργείους.
1161 2506 1221 2570 Otr.

111 2620 143 2701 4,
175 2619 204 2701 5,
239 2618 275 2698 l;
310 2619 340 2700 5,
371 2620 425 2701 32,
455 2618 493 2698 6;
525 2618 554 2700 5,
583 2617 634 2699 63,
666 2615 734 2680 4οἱ
756 2615 787 2679 δὲ
810 2615 863 2688 τέρν
887 2615 941 2694 ροέν
964 2616 1075 2697 ζαμίαν
1096 2616 1147 2682 καὶ
1170 2618 1223 2692 τέρν

111 2730 315 2813 κατασκαφὴν
342 2729 477 2811 ἐπέσχον.
499 2731 644 2795 Eandem
667 2731 761 2796 habet
782 2733 849 2795 uim
872 2732 1010 2797 uerbum
1033 2730 1170 2812 κατέχειν
1195 2736 1224 2818 1,

113 2847 186 2929 130,
223 2846 240 2908 1
272 2843 412 2924 κατέχειν
442 2844 494 2918 τὴν
517 2841 641 2908 διοένοιαν
665 2844 714 2908 οὖν
736 2842 870 2909 ἐδύναντο
894 2846 947 2910 cir.
972 2848 1000 2924 3,
1025 2845 1075 2928 12,
1100 2848 1117 2910 1
1138 2852 1168 2912 et
1192 2850 1222 2933 2,

114 2961 167 3045 65,
199 2963 218 3024 8
251 2965 378 3038 κατεῖχε
408 2959 440 3023 τὸ
471 2959 578 3032 πλῆθος
609 2956 756 3039 ἐλευθέρως
780 2956 828 3022 καὶ
851 2959 900 3023 οὐκ
923 2956 1009 3037 ἤγετο
1033 2962 1149 3038 μᾶλλον
1173 2960 1222 3024 ὑπ’

112 3074 203 3138 αὐτοῦ
238 3070 254 3146 ἢ
286 3072 374 3145 αὐτὸς
406 3066 469 3150 ἦγε,
501 3073 626 3157 plebem
652 3073 686 3134 in
718 3071 820 3137 offieio
843 3074 1018 3138 liberaliter
1042 3075 1224 3140 continebat

109 3208 169 3253 neo
193 3189 293 3271 magis
317 3188 487 3271 regebatur
512 3189 552 3251 ab
576 3205 612 3249 ea
636 3206 732 3270 quam
756 3188 825 3270 ipse
847 3187 984 3270 regebat.
1008 3186 1068 3250 Ofr.
1089 3189 1119 3270 3,
1139 3189 1223 3271 62,4

109 3298 289 3378 κατέχοντες
321 3297 403 3379 ἰσχύι
433 3299 466 3364 τὸ
498 3299 614 3372 πλῆθος.
642 3298 702 3362 Ofr.
725 3299 753 3381 6,
779 3299 828 3382 11,
853 3299 870 3362 l
895 3297 1146 3379 κατεργασάμενοι
1168 3299 1223 3364 κᾶν

108 3410 326 3493 ιιατοέοχοιμεν,
352 3431 433 3496 quae
458 3414 558 3476 uerba
581 3411 658 3495 quid
680 3411 859 3496 significent
877 3413 1124 3496 interpretantur
1142 3433 1223 3496 quae

108 3529 255 3613 proxime
285 3529 476 3610 sequuntur,
507 3527 650 3604 χαλετῶς
683 3523 719 3588 ἐιν
741 3521 842 3605 ἄρχειν
864 3522 1030 3602 δυναίμεθα.
1054 3526 1106 3590 Sio
1128 3529 1223 3592 etiam

110 3643 141 3725 6,
174 3641 226 3724 86,
258 3642 294 3721 33
327 3643 356 3722 8,
380 3640 432 3722 86,
456 3640 475 3701 5
495 3638 544 3702 τὸν
566 3635 656 3716 ὄχλον
678 3643 846 3716 κατασχεῖν
870 3643 900 3703 et
923 3640 953 3722 3,
977 3640 1009 3723 3,
1032 3640 1070 3720 43
1097 3640 1125 3723 1,
1149 3641 1222 3726 6,4

109 3757 167 3821 ubi
190 3774 246 3839 per
268 3750 485 3834 προσωποποίαν
509 3753 628 3815 dietum
653 3757 708 3816 est.

152 3870 315 3954 Imprimis
343 3887 425 3952 quae
448 3869 595 3951 legantur
618 3867 712 3950 digna
735 3867 886 3930 uidentur
909 3885 991 3950 quae
1013 3865 1108 3931 habet
1130 3867 1221 3933 Plato

107 3983 243 4047 Phaedr.
276 3982 341 4045 254
364 3982 408 4044 A:
426 3979 526 4043 ἑαυτὸν
550 3976 673 4058 κατέχει
696 3976 740 4057 μὴ
763 3977 906 4051 ἐπιπνδῖιν
929 3977 969 4057 τῷ
992 3977 1127 4060 ἐρωμένῳ.
1154 3979 1221 4046 6δέ

108 4093 174 4161 οὕτε
206 4093 325 4173 κέντρων
356 4093 506 4171 ἡνιοχικῶν
537 4089 600 4155 οὔτε
631 4088 777 4168 μοέοτιχος
799 4087 841 4155 ἐτι
864 4087 1037 4170 ἐντρέπεται.
1064 4092 1221 4159 Nonnun-

106 4230 205 4294 quam
240 4210 315 4292 equi
349 4207 497 4271 indomiti
530 4224 588 4269 neo
619 4205 708 4269 frena
738 4223 797 4268 neo
828 4203 959 4268 uinoula
991 4210 1105 4271 curant
1129 4212 1160 4273 et
1183 4210 1218 4272 in

104 4324 214 4408 fugam
237 4324 458 4407 prorumpunt.
480 4318 654 4383 Translatio
676 4317 750 4382 inde
773 4320 899 4401 sumpta
921 4318 1088 4383 inuenitur
1110 4322 1140 4404 8,
1165 4322 1220 4407 84,
