3038 4980
739 501 780 564 36

199 686 444 753 circumdabant
475 685 528 751 Sic
559 688 654 751 etiam
687 688 715 771 5,
746 689 776 771 2,
807 689 838 751 4.
861 685 960 763 Quasi
983 687 1174 752 uestimento
1199 685 1313 751 urhem

200 803 286 868 uallo
309 803 516 867 circumdedit
538 801 696 867 Brasidas.
721 802 774 867 cfr.
798 805 893 868 etiam
916 804 946 887 8,
970 804 1022 887 40,
1047 804 1075 867 3.

243 916 351 983 Uestis
371 922 420 982 est
438 921 494 982 aut
513 918 643 982 sinuosa
661 923 718 982 aut
736 918 884 983 adstricta
897 923 927 983 et
939 922 1005 983 arte
1017 918 1121 981 cincta
1132 916 1173 980 ad
1185 935 1311 1001 corpus.

200 1033 292 1096 Χιτθιν
311 1028 562 1112 προσεστοιλροένσς
581 1030 630 1095 διθι
652 1029 743 1112 ζώνης
758 1031 799 1112 τῷ
811 1031 936 1110 σθροιιτι.
950 1031 1022 1096 Hoc
1034 1049 1164 1116 quoque
1176 1028 1313 1095 uerbum

200 1146 362 1211 transtulit
390 1145 533 1228 Thucyd.
566 1147 595 1229 5,
626 1147 677 1230 71,
709 1148 726 1209 1
758 1145 807 1210 διθι
830 1146 862 1210 τί
884 1142 1085 1226 Φοβονμένονς
1108 1141 1313 1225 προσστέλλειν

199 1258 240 1325 rai
270 1258 373 1339 γυμνὰ
401 1257 533 1324 έκιιστον.
560 1259 643 1324 Nam
667 1261 713 1325 sic
736 1262 828 1326 credo
852 1279 921 1325 esse
943 1260 1123 1345 legendum,
1147 1279 1214 1323 non
1239 1278 1314 1324 uero

201 1371 395 1459 προστέλλειν,
418 1378 455 1439 ut
476 1372 550 1437 libri
575 1373 658 1438 dant.
680 1372 856 1438 Scholiasta
879 1374 1104 1458 interpretatur
1126 1369 1244 1436 σκέπειν
1263 1368 1314 1436 aul

201 1485 362 1569 προσάγειν,
392 1486 482 1571 Tum,
511 1484 694 1568 προστέλλειν
718 1489 746 1552 si
770 1492 958 1570 servaretur,
981 1488 1109 1553 datiuus
1133 1487 1188 1553 ille
1212 1506 1315 1570 casuS,

201 1609 237 1683 τῇ
272 1600 387 1685 ιἰσπίδι,
422 1602 581 1687 quomodo
616 1602 794 1668 obtineret?
827 1602 926 1667 Hunc
959 1602 1066 1667 locum
1100 1603 1246 1667 imitatus
1268 1606 1316 1667 est

203 1716 331 1782 Cassius
354 1715 424 1781 Dio.
448 1718 499 1800 40,
523 1718 574 1801 23,
596 1718 614 1780 3
635 1717 692 1782 ubi
710 1721 816 1782 tamen
835 1718 919 1781 idem
933 1716 1166 1782 emendandum
1180 1718 1314 1782 uitium:

201 1836 270 1903 τοιίς
300 1834 355 1894 τῶν
382 1829 703 1911 experimentario
726 1829 783 1904 τθις
806 1829 968 1908 ννμνθσεις
992 1832 1075 1911 σφῶν
1098 1828 1313 1911 προσστέλλειν.

202 1943 354 2030 Legimus
377 1946 470 2009 etiam
494 1945 578 2029 apud
600 1945 761 2009 Plutarch.
787 1944 864 2010 Sull.
887 1945 938 2010 19.
955 1942 1021 2016 τοὺς
1034 1941 1097 2025 περί
1111 1943 1201 2008 ιιὺτδν
1214 1944 1316 2016 ἱππεῖς

201 2056 362 2138 δισχιλίους
393 2057 595 2136 ἐκθλιβόμενος
623 2058 676 2124 ὑπὸ
706 2060 832 2134 πλκθοῦς
858 2057 1084 2140 προσεστέλλετο
1108 2065 1170 2132 τοῖς
1193 2059 1317 2140 ὀρεινοῖς.

202 2172 300 2237 quat
322 2173 437 2238 addere
461 2193 543 2258 quae
565 2173 661 2238 habet
683 2174 765 2240 Plat.
789 2173 882 2259 Gorg.
909 2175 969 2236 511
995 2172 1025 2238 D
1048 2173 1106 2238 ubi
1128 2193 1181 2238 ars
1199 2172 1317 2258 guber-

203 2288 325 2351 natoria
344 2287 461 2351 dicitur
479 2287 639 2351 moderata
658 2292 688 2351 et
706 2287 858 2370 modesta,
877 2282 1116 2367 προσεστιιλριένν
1129 2282 1181 2348 κιοί
1194 2284 1316 2363 κοσμίιι.

202 2399 263 2465 His
287 2400 435 2466 omnibus
455 2402 514 2466 rite
532 2402 696 2486 perpensis
717 2402 763 2466 sic
783 2386 1041 2465 donstituendum
1061 2400 1207 2464 uidetur:
1229 2420 1315 2483 προσ-

204 2512 335 2579 στέλλειν
358 2515 443 2579 idem
467 2534 537 2580 esse
560 2534 657 2580 sensu
680 2515 832 2580 translato
856 2535 893 2579 ac
916 2534 950 2579 se
973 2520 1087 2599 tegere.

247 2628 429 2710 Προτίθεσθιιι
453 2630 579 2713 proprie
602 2630 718 2694 dieitur
741 2629 779 2694 de
802 2629 978 2712 inuoluere,
1002 2647 1065 2712 quo
1092 2628 1165 2710 quis
1189 2629 1316 2713 tegitur.

203 2743 342 2809 Thebani
376 2747 562 2827 metuentes,
597 2763 637 2808 ne
670 2743 910 2809 Lacedaemonii
940 2742 1176 2807 Plataeensium
1207 2741 1318 2807 uerbis

204 2860 299 2923 nimis
322 2859 534 2943 indulgerent,
554 2877 765 2943 quaecunque
786 2859 810 2921 ii
829 2858 975 2922 dixerant
993 2856 1136 2921 refellere
1155 2861 1319 2940 conantes,

204 2972 383 3057 petulanter
404 2975 438 3036 in
462 2992 515 3037 eos
538 2973 781 3037 inuehebantur.
803 2971 939 3037 Uultum
964 2972 1056 3056 quasi
1079 2972 1114 3034 in
1133 2970 1319 3036 dissimula-

204 3087 323 3151 tionem
346 3091 487 3152 uestram
509 3087 600 3151 larua
623 3087 806 3169 obtexistis;
827 3085 966 3151 latebant
985 3087 1046 3150 ista
1066 3088 1174 3150 uestra
1186 3087 1320 3151 uirtutis

203 3200 406 3266 simulatione
441 3200 582 3265 occultae
615 3202 770 3282 insidiae;
802 3205 838 3265 ut
868 3201 954 3265 enim
985 3199 1122 3264 Graecos
1144 3199 1321 3282 perderetis

204 3313 402 3378 fortitudinis
431 3315 568 3399 speciem
594 3333 669 3399 prae
692 3313 784 3379 uobis
806 3314 943 3378 tulistis:
968 3310 1016 3376 ε’πί
1040 3311 1080 3392 τῷ
1103 3311 1214 3376 ἐκείνων
1238 3312 1321 3394 κιικῷ

205 3425 403 3505 σἰνδρνινιιθίιιν
434 3424 583 3508 προύθεσθε
606 3429 635 3512 3,
659 3428 710 3513 64,
734 3431 764 3493 4.
786 3428 832 3492 At
855 3427 1026 3511 aliquando
1051 3427 1174 3492 euoluti
1196 3446 1239 3492 ex
1261 3428 1322 3493 fal·

204 3541 326 3607 lacibus
347 3543 418 3607 istis
441 3543 670 3626 integumentis
693 3547 840 3608 naturam
860 3545 1009 3625 uestram,
1029 3542 1123 3605 sicuti
1144 3544 1200 3625 est,
1213 3547 1323 3607 osten-

206 3657 290 3740 ditis,
324 3677 398 3721 cum
428 3655 507 3720 nihil
537 3656 641 3720 adhuc
673 3657 765 3722 uobis
796 3657 837 3721 sit
861 3655 1006 3720 obtentui
1029 3658 1060 3719 et
1080 3655 1324 3739 perspiciamini

205 3771 292 3834 omni
313 3769 393 3835 falsa
412 3772 516 3854 specie
536 3771 664 3834 nudati:
688 3767 739 3833 aul
763 3766 784 3834 ίι
803 3766 858 3847 μέν
881 3791 952 3832 ποτε
973 3765 1098 3849 χρηστοί
1119 3764 1262 3845 ἐγένεσθε,
1283 3765 1323 3843 ὥς

206 3885 296 3962 Φιοτε,
320 3883 351 3947 οὐ
382 3881 561 3964 προσθκοντοι
584 3885 630 3947 νῦν
652 3878 827 3957 ἐπεδείξατε,
851 3879 872 3947 ἃ
895 3881 922 3946 δ’
948 3880 965 3954 ἡ
988 3878 1078 3962 Φθσις
1100 3878 1147 3944 aet
1170 3879 1322 3959 ἐβούλετο,

205 3990 372 4075 staticula
396 3995 425 4069 ἐς
449 3994 582 4070 τοίλνθές.
608 3996 660 4061 Sic
684 3997 779 4062 etiam
803 3997 833 4079 8,
855 3997 907 4079 85,
931 3997 950 4058 3
973 3995 1198 4060 Hermocrates
1220 3996 1323 4060 simu·

206 4107 292 4173 labat
321 4130 355 4176 se
377 4130 447 4176 esse
467 4110 668 4195 Tissapherni
692 4111 867 4192 inimicum,
891 4109 978 4193 quod
1001 4111 1170 4193 pecuniam
1193 4112 1323 4194 roganti

208 4230 354 4308 negasset
385 4225 619 4312 Tissaphernes.
654 4225 734 4289 Tum
767 4225 895 4289 demum
922 4225 1044 4288 inimici
1066 4243 1234 4309 personam
1259 4225 1324 4290 sibi

211 4340 467 4406 accommodauit.
499 4337 658 4422 Κνιτκνθρει
672 4388 680 4407 .
695 4388 703 4406 .
716 4387 746 4406 ..
779 4338 815 4410 ὡς
830 4386 838 4404 .
851 4386 859 4404 .
872 4386 902 4405 ..
933 4333 985 4409 πέρι
1009 4334 1114 4419 ἔχθριον
1137 4337 1161 4401 σί
1183 4339 1320 4422 προθοίτο.
