3038 4980
738 499 777 561 77

199 702 218 745 a
253 682 381 748 Graecis
414 683 586 768 significari
618 684 713 748 solet:
744 680 903 762 τυγχάνειν
936 688 966 748 et
988 680 1174 764 άμαρτάνειν.
1200 684 1309 749 Utitur

199 798 326 880 saepius
349 797 398 861 his
423 798 529 862 uerbis
553 797 764 880 metaphorice
786 796 993 879 Thucydides.
1017 796 1133 861 Uelut:
1156 799 1186 882 3,
1208 799 1259 882 20,
1280 800 1308 861 3.

199 910 316 994 Agitur
349 911 401 974 hic
431 911 470 975 de
499 911 706 975 numerandis
730 911 876 994 lapidum
908 911 1083 975 ordinibus.
1114 911 1179 976 Ubi
1202 911 1310 996 plures

199 1044 265 1087 non
287 1025 331 1088 ita
353 1024 489 1089 multum
513 1027 596 1089 inter
620 1043 654 1088 se
677 1024 830 1088 distantes
850 1025 946 1088 simul
966 1029 1134 1090 numerant
1153 1025 1308 1110 facileque

202 1159 298 1222 quam
322 1139 437 1203 uolunt
460 1140 544 1203 muri
566 1142 687 1223 partem
710 1140 891 1222 conspicere
914 1144 1056 1223 possunt,
1078 1139 1148 1204 fieri
1169 1139 1262 1205 debet
1274 1144 1311 1204 ut

201 1252 365 1316 nonnullis
388 1253 569 1317 errantibus
591 1251 699 1335 plures
721 1253 754 1314 in
779 1270 890 1316 uerum
913 1252 1056 1316 incidant
1075 1271 1245 1316 numerum
1269 1291 1310 1302 -
1420 1259 1422 1264 ’

200 1360 349 1438 τεύξεσθαι
373 1369 423 1429 τοῦ
447 1363 580 1438 άλιρθοῦς.
604 1364 734 1449 Legitur
756 1367 786 1446 4,
811 1366 861 1440 28,
886 1367 904 1428 5
924 1361 1072 1439 τεύξεσθαι
1093 1365 1165 1430 δυοῖν
1186 1364 1310 1445 άγαθοῖν

199 1482 250 1542 τοῦ
275 1477 374 1556 ἐτέρου.
398 1479 457 1543 Est
479 1480 570 1543 locus
594 1478 686 1543 ualde
704 1479 883 1562 impeditus,
908 1480 963 1563 qui
983 1481 1147 1544 inuenitur
1168 1481 1196 1564 1,
1209 1483 1310 1564 33,3;

201 1596 232 1656 at
265 1592 343 1655 mihi
374 1593 502 1676 quidem
534 1611 599 1656 non
630 1592 757 1656 uidetur
786 1593 1004 1656 insanabiliter
1026 1598 1211 1677 corruptus:
1236 1591 1312 1672 μηδὲ

200 1704 277 1770 δυοῖν
300 1703 414 1786 Φθάσαι
437 1702 605 1786 ἁμάρτωσιν
629 1701 645 1777 ἢ
670 1708 800 1768 κακῶσαι
824 1703 906 1782 ἦμάρ
928 1701 943 1777 ἢ
967 1704 1167 1786 σφάςαθτοὺς
1180 1705 1310 1784 βεβαιω-

201 1821 317 1884 σασθαι.
347 1821 418 1885 Hoc
448 1822 518 1886 loco
550 1839 632 1905 quae
655 1822 828 1904 requiritur
851 1822 1038 1885 sententiam
1063 1822 1187 1905 optime,
1211 1822 1313 1904 credo,

201 1937 338 2000 coniecit
359 1935 610 2000 Herwerdenus:
637 1937 744 2019 „prius
764 1936 847 1999 enim
868 1941 1002 2018 utraque
1024 1955 1119 2018 quam
1140 1955 1226 2000 nunc
1251 1935 1311 1999 sibi
1401 1979 1405 1992 .

201 2054 383 2133 proponunt
402 2069 457 2133 spe
476 2049 617 2113 frustrati
637 2047 761 2132 erunt”,
782 2049 898 2132 exigua
917 2053 1022 2112 autem
1036 2050 1210 2113 mutatione
1221 2048 1312 2131 facta,

202 2277 359 2342 habemus
386 2297 491 2361 neque
513 2296 592 2361 opus
615 2278 674 2341 erit
696 2281 807 2360 putare
830 2275 923 2359 plura
945 2277 1077 2359 periisse
1096 2281 1167 2360 post
1186 2279 1311 2353 στῶμεν.

201 2390 256 2455 Sic
289 2392 373 2456 enim
408 2392 631 2476 corrigendum
662 2410 818 2474 propono:
851 2388 927 2468 μηδὲ
957 2388 1034 2453 δυοῖν
1056 2387 1190 2470 φθάσωσι
1213 2388 1311 2469 άμαρ-

201 2503 300 2576 τθντες
323 2502 374 2568 καὶ
397 2508 527 2569 κακῶσαι
542 2554 548 2568 .
562 2554 568 2568 .
581 2554 607 2569 ..
631 2502 679 2567 καὶ
692 2553 698 2567 .
711 2553 718 2568 .
732 2553 758 2567 ..
782 2503 863 2567 Nam
886 2522 951 2567 nen
974 2503 1158 2568 metuebant
1181 2522 1222 2568 ne
1245 2523 1311 2567 non

202 2619 389 2682 alterutrum
422 2620 671 2703 adipiscerentur
703 2618 758 2682 sed
787 2618 821 2680 in
852 2622 938 2681 metu
962 2621 1050 2680 erant
1073 2636 1114 2681 ne
1137 2620 1311 2700 utrumque

202 2733 378 2816 perderent.
409 2733 461 2798 Sic
484 2733 547 2797 duo
570 2732 666 2797 simul
688 2731 866 2795 lucramur:
891 2731 989 2794 uerba
1013 2732 1200 2794 sententiam
1226 2730 1312 2794 debi-

204 2851 268 2909 tam
302 2845 444 2911 referunt
474 2851 505 2910 et
534 2845 661 2910 sublata
692 2848 740 2909 est
768 2843 937 2908 difficultas
962 2844 1129 2926 statuendi,
1154 2843 1312 2927 quomodo

204 2964 304 3027 uerba
337 2960 412 3040 μηδὲ
444 2960 520 3025 δυοῖν
549 2957 664 3041 φθάσαι
696 2960 884 3024 cohaereant
906 2979 980 3024 cum
1003 2959 1142 3042 rehquis.
1167 2957 1313 3022 Ceterum

206 3078 333 3160 saepius
359 3078 496 3141 occurrit
518 3077 578 3140 hoc
601 3075 736 3140 uerbum
761 3077 797 3138 ut
822 3075 933 3157 1,92;
960 3075 988 3157 l,
1015 3075 1066 3156 33,
1088 3075 1125 3154 33
1150 3073 1179 3156 6,
1204 3074 1253 3150 92,
1279 3073 1315 3153 13

207 3191 234 3267 7,
257 3191 309 3272 44,
333 3190 361 3252 8.
388 3188 514 3273 Dignus
538 3193 587 3253 est
609 3189 660 3251 hic
682 3189 772 3252 locus
796 3188 852 3270 qui
876 3190 1003 3252 notetur
1028 3188 1056 3270 3,
1081 3188 1130 3271 98,
1155 3188 1173 3249 2
1196 3186 1262 3259 τοὺς
1285 3185 1316 3249 δὲ

204 3301 320 3374 τελείους
354 3306 410 3366 τῶν
444 3302 512 3366 ὁδῶν
541 3298 765 3382 ἁμαρτάνοντας
797 3298 847 3363 καὶ
881 3301 910 3371 ἐς
933 3298 986 3372 τέρν
1008 3296 1079 3373 thur
1101 3298 1316 3381 ἐσφερομένονρ.

206 3416 272 3481 Suo
305 3418 385 3500 iure,
415 3416 518 3500 credo,
548 3415 674 3479 Belrker
705 3415 741 3478 cl.
772 3415 803 3495 4,
830 3414 919 3497 12,1
954 3413 1089 3478 malebat
1112 3411 1317 3494 ἐκφερομένους

205 3551 263 3615 pro
297 3528 513 3611 ἐσφερομένας,
549 3534 579 3593 et
612 3548 676 3593 non
709 3527 801 3592 uideo
834 3547 891 3591 cur
921 3527 1156 3592 Herwerdenus
1180 3547 1253 3592 oum
1278 3547 1315 3592 eo

206 3665 271 3709 nen
305 3644 407 3709 faciat.
443 3642 581 3708 Cobetus
614 3641 729 3706 Mnem.
764 3641 801 3705 N.
834 3640 864 3706 S.
896 3643 926 3725 8,
959 3643 1022 3704 144
1053 3641 1129 3704 dicit
1150 3638 1318 3722 ἐκφέρεσθαι

205 3761 310 3843 ipsum
345 3777 415 3823 esse
449 3755 584 3821 uerbum
607 3761 778 3839 receptum,
801 3775 865 3839 quo
889 3755 1118 3840 significantur,
1142 3758 1199 3839 qui
1221 3776 1240 3819 a
1263 3757 1316 3820 uia

206 3874 363 3939 aberrant.

249 3987 349 4071 Saepe
383 3987 521 4050 sumitur
553 3985 657 4068 imago
687 4003 705 4046 a
737 3983 850 4067 sagitta
881 4001 956 4046 arcu
981 3983 1076 4046 missa
1100 3982 1169 4046 siue
1193 3982 1233 4047 ab
1256 3984 1317 4047 alio

204 4102 343 4186 quodam
378 4099 450 4182 tole,
487 4098 573 4182 quod
607 4097 646 4160 ad
677 4095 773 4160 finem
796 4115 861 4160 non
884 4096 1038 4180 peruenit.
1063 4095 1166 4160 Sensu
1190 4100 1317 4181 proprio

206 4215 360 4279 occurrit:
393 4211 538 4296 Xenoph.
569 4210 671 4273 Anab.
706 4209 733 4292 1,
758 4209 787 4291 8,
815 4209 870 4289 193
895 4208 1040 4293 Xenoph.
1064 4207 1146 4272 Hell.
1172 4211 1200 4293 7,
1224 4212 1252 4293 5,
1277 4212 1317 4273 17

206 4316 287 4411 θττλῳ
319 4325 488 4404 ἐξικνεῖσθαι
520 4323 657 4399 άλλάλυν
685 4327 715 4388 et
739 4325 768 4408 2,
791 4324 821 4394 4,
846 4324 886 4386 15
909 4317 1062 4399 ἐξιξόμεθά
1084 4345 1117 4386 τε
1139 4323 1242 4398 αὐτῶν,
1266 4322 1317 4389 καὶ
