3038 4980
740 500 779 571 97

202 720 312 785 pugna
335 719 458 783 anceps.
481 698 556 762 Huc
578 697 778 762 referendum
803 697 932 761 uidetur
956 699 985 779 5,
1010 699 1062 780 32,
1084 699 1102 760 3
1128 694 1211 774 μέρος
1232 694 1316 776 μέρος

199 811 239 884 έν,
263 814 447 896 praesertim
471 812 592 875 collatis
615 813 664 894 iis,
689 830 770 895 quae
791 816 972 896 sequuntur
991 808 1315 891 εἷσφέσοσροσμένοοσο.

199 926 238 991 Id
262 929 356 1009 enim,
380 926 466 1011 quod
488 926 583 990 alicui
606 927 652 990 rei
674 924 802 989 additur
822 926 911 991 affert
933 930 1139 990 momentum.
1153 924 1206 990 sio
1221 926 1316 989 etiam

201 1043 230 1120 8,
255 1041 306 1123 87,
329 1041 350 1102 4
373 1038 531 1112 οέννσοέσεως
554 1037 594 1112 δέ,
617 1037 693 1112 ὅπως
718 1037 882 1120 μηδετέροις
907 1037 1096 1120 προσθέμενος
1119 1035 1319 1118 ἰσχυροτέρους

199 1152 321 1234 sordem
344 1153 568 1238 Tissaphernes
592 1153 725 1219 classem
747 1154 818 1218 ideo
843 1174 908 1218 non
929 1154 1066 1218 adduxit
1088 1152 1318 1238 quodneutros

201 1267 329 1334 uolebat
359 1287 419 1332 nee
448 1267 714 1332 Lacedaemonios
742 1287 800 1333 nee
824 1268 1036 1334 Athenienses
1059 1267 1317 1352 praeponderare.

200 1381 275 1446 Pari
297 1385 456 1447 momento
479 1381 639 1446 librantur
660 1387 776 1466 partes,
797 1383 853 1446 sed
872 1384 1065 1466 aequitatem
1086 1382 1230 1447 turbaret
1250 1381 1317 1446 Tis-

203 1497 373 1581 saphernes
403 1497 452 1561 his
477 1496 529 1561 uel
551 1496 615 1560 illis
639 1515 673 1561 se
695 1496 875 1582 adiungens
902 1495 1144 1583 (προσθέμενος).
1169 1496 1315 1562 Ceterum

201 1629 315 1695 operae
345 1611 481 1694 pretium
512 1615 561 1675 est
590 1611 841 1676 animaduertere
872 1611 1034 1695 quomodo
1058 1613 1136 1676 haec
1159 1610 1318 1676 uocabula

203 1722 335 1787 datram
358 1724 428 1788 dieo
451 1727 482 1789 et
503 1722 656 1805 οένοκωχέν
675 1744 745 1790 sese
756 1727 1013 1809 interpretentur.
1030 1725 1099 1790 Uno
1111 1729 1235 1791 tantum
1247 1725 1317 1788 loeo

203 1839 321 1923 legitur
350 1838 487 1904 uerbum
517 1835 650 1904 οένσισοῦν
674 1842 703 1924 3,
728 1842 778 1925 ll,
800 1842 828 1904 1.
852 1841 958 1926 Aegre
980 1843 1065 1905 enim
1090 1841 1221 1925 ferrent,
1243 1860 1317 1903 eum

203 1954 305 2016 maior
322 1972 394 2037 pars
417 1955 480 2017 iam
503 1953 566 2019 illis
590 1954 679 2019 cedat
702 1957 752 2017 σοῦ
776 1953 915 2036 ἡμετέρου
935 1952 976 2018 ἔτι
996 1952 1083 2032 μένου
1102 1951 1320 2032 οένσνσουμένον.

203 2064 406 2132 Reeentiores
436 2069 562 2153 saepius
585 2069 644 2132 hoe
667 2072 804 2134 utuntur
830 2068 942 2151 uerb03
965 2068 1220 2154 quareHampke
1233 2067 1318 2151 apud

205 2179 374 2264 Steupium
402 2185 493 2266 putat
523 2183 600 2247 haee
623 2181 722 2247 uerba
744 2187 854 2267 postea
878 2202 948 2249 esse
970 2185 1098 2249 inserta.
1122 2182 1233 2249 Restat
1256 2184 1319 2245 iam

205 2293 369 2367 έσοοννσοῦν,
401 2296 431 2378 8,
463 2296 502 2358 57
534 2293 625 2376 ὥσπερ
655 2293 791 2373 ἐβούλετο
821 2297 975 2362 ἐπανισοῦν
1005 2297 1071 2370 σοὺς
1096 2293 1257 2369 Ἕλληνας,
1283 2300 1319 2359 ut

207 2409 375 2493 prouidere
404 2408 540 2494 uolebat,
562 2429 603 2476 ne
626 2429 728 2495 aequa
751 2410 944 2476 Graecorum
968 2412 1108 2476 conditio
1130 2410 1322 2476 turbaretur.

252 2521 343 2587 Ludo
374 2528 405 2588 et
426 2525 495 2588 ioco
516 2526 566 2589 uti
585 2525 714 2609 quidem
733 2525 816 2610 lieet,
838 2527 893 2591 sed
913 2528 996 2592 sieut
1019 2546 1132 2591 somno
1155 2530 1187 2590 et
1210 2525 1322 2589 ceteris

209 2637 370 2720 quietibus
390 2642 468 2722 tum,
491 2659 563 2703 eum
586 2639 740 2724 grauibus
763 2642 918 2724 seriisque
942 2640 1039 2706 rebus
1063 2640 1324 2706 satisfecerimus.

208 2750 256 2814 Ea
277 2756 326 2816 est
348 2754 415 2816 uita
436 2753 611 2820 hominum.
631 2754 774 2839 Agamus
787 2756 884 2839 igitur
895 2775 983 2819 nune
996 2755 1035 2819 de
1046 2752 1324 2835 translationibus,

210 2885 292 2949 quae
314 2867 377 2931 hun
401 2872 477 2932 sunt
498 2869 703 2934 renouandae.

672 3110 864 3121 ——-—-—-

444 3353 463 3434 ξ
489 3352 539 3416 16.
562 3351 798 3418 rraasuruaes
815 3352 931 3438 petitae
954 3373 976 3417 a
998 3351 1091 3418 ludis.

256 3537 391 3621 Scimus,
424 3539 470 3601 sie
504 3537 612 3602 seribit
642 3536 768 3603 Ooenen
780 3538 815 3622 1),
845 3538 939 3604 ludos
969 3539 1107 3602 maxime
1137 3539 1173 3600 in
1197 3538 1319 3601 deliciis

210 3651 311 3716 fuisse
344 3649 481 3733 Graecis,
511 3652 666 3736 imprimis
698 3650 959 3736 Atheniensibus,
991 3652 1077 3736 quod
1108 3653 1172 3716 nisi
1195 3651 1324 3715 aliunde

211 3768 323 3829 notum
347 3769 438 3847 esset,
460 3766 523 3829 iam
546 3784 587 3830 ex
608 3767 678 3850 ipsa
701 3766 810 3849 popuii
833 3766 939 3831 indole
961 3768 1064 3830 conici
1086 3767 1202 3850 liceret,
1222 3785 1319 3850 quem

184 3911 187 3916 ·
210 3879 343 3943 historia
365 3877 454 3942 docet
476 3877 576 3943 fuisse
598 3881 801 3943 temerarium
826 3881 974 3962 maxime,
994 3881 1152 3944 maximae
1174 3880 1324 3961 leuitatis,

211 4012 311 4077 supra
333 3993 419 4057 uires
443 3992 603 4057 audacem.
626 3993 768 4074 Thucyd.
796 3994 823 4076 l,
848 3995 897 4058 70.

256 4105 432 4172 Sescenties
461 4106 580 4191 legitur
608 4107 743 4173 uerbum
767 4106 948 4190 frisinariae,
974 4111 1007 4172 in
1031 4110 1131 4174 aleam
1156 4110 1230 4174 dare
1253 4111 1323 4173 siue

247 4365 274 4432 1)
293 4366 393 4418 Goeueu
407 4381 462 4432 pag.
481 4363 538 4415 118.
