3038 4980
736 761 775 824 V.

242 961 383 1043 Thucyd.
414 962 442 1042 5,
473 962 524 1040 42,
557 960 591 1021 l:
623 955 669 1028 οὓς
699 956 754 1022 ἔδει
784 959 816 1023 τὸ
847 961 999 1023 Ποίνακτον
1030 960 1082 1024 καὶ
1105 961 1172 1034 τοὺς
1195 961 1305 1043 ἄνδρας

201 1074 306 1161 (τοὺς)
332 1073 413 1153 παρα
435 1075 557 1136 Βοιωτῶν
580 1070 814 1152 παραλαβόντας
836 1072 996 1146 Ἀίκναίοις
1018 1075 1187 1140 ἀποδοῦναι.

241 1187 393 1279 Βοίθοίοτ
416 1187 529 1252 ιιοοοίο
551 1185 618 1258 τούς
642 1189 769 1252 uncinis
792 1188 930 1253 inclusa.

729 1448 786 1512 VI.

240 1647 380 1729 Thucyd.
405 1648 432 1724 5,
455 1647 506 1728 66,
530 1650 565 1709 2:
590 1645 731 1725 ἐντούτῳ
754 1647 794 1725 τῷ
816 1647 921 1727 καιρῷ.
937 1698 944 1714 .
959 1694 987 1710 ..
1012 1645 1235 1727 ἐξεπλάγησαν.

240 1760 393 1845 Legatur:
417 1761 446 1824 ἐν
469 1759 558 1839 τούτῳ
580 1760 620 1839 τῷ
642 1760 727 1838 καιρῷ
749 1756 822 1833 οίξιοι
845 1758 960 1824 ἐπαίνου
984 1755 1073 1834 ἦσαν.

716 2021 789 2086 VII.

242 2223 381 2304 Thucyd.
413 2223 442 2305 6,
474 2224 504 2304 2,
531 2225 568 2285 4:
602 2219 658 2284 Καὶ
688 2219 704 2293 ἡ
727 2220 810 2302 χώρα
832 2220 887 2284 ἀπ’
912 2221 1038 2294 Ἰταλοῦ,
1062 2218 1208 2297 βασιλέως
1231 2221 1303 2292 τινος

198 2339 334 2408 Σικελῶν,
360 2334 507 2423 (τοῦνομα
530 2335 610 2399 τοῦτ’
634 2331 761 2414 ἔχοντος,
785 2331 892 2419 οὕτως)
919 2333 1034 2399 Ἰταλία
1057 2333 1258 2413 ἐπωνομάσθη.

242 2447 415 2515 Deleantur
437 2447 536 2514 uerba
560 2449 686 2512 uncinis
709 2448 847 2512 inclusa.
965 2505 966 2508 ,

716 2709 805 2772 VIII.

241 2907 382 2990 Thucyd.
412 2907 441 2990 6,
471 2907 522 2989 25,
556 2909 590 2970 l:
622 2906 678 2970 Καὶ
708 2904 791 2978 τέλος
820 2906 966 2987 παρελθών
996 2930 1040 2978 τις
1063 2910 1119 2970 τῶν
1144 2906 1308 2981 Ἀθηναίων

199 3019 250 3084 καί
273 3019 485 3102 παρακαλέσας
508 3019 556 3084 τὸν
582 3018 728 3084 Νικίαν..
743 3066 751 3084 .
766 3067 773 3082 .

243 3133 305 3197 Pro
328 3131 541 3213 παρακαλέσας
564 3133 689 3218 legatur
715 3131 909 3212 προκαλίσας.

731 3395 790 3460 ΙΧ.

241 3597 379 3678 Thucyd.
403 3596 432 3678 6,
457 3597 506 3678 17,
529 3597 564 3659 8:
589 3594 743 3660 ὑπόλοιπον
765 3594 825 3679 Ιρίορ
849 3597 921 3673 ἡμῖν
944 3596 1021 3659 ἐστιν
1043 3594 1216 3661 ἀντίπαλον.

242 3710 304 3774 Pro
328 3709 393 3773 ἐστι
415 3711 540 3795 legatur
565 3705 657 3773 ἔσται.

738 3959 783 4024 Χ.

241 4156 335 4221 Hom.
356 4155 468 4239 Odyss.
489 4158 539 4240 17,
559 4158 638 4222 354:
659 4156 845 4238 Τηλέμαχόν
865 4181 913 4236 μοι
936 4159 966 4223 ἕν
978 4157 1223 4240 σίνδροίσινίλβιον
1236 4154 1309 4225 είναι.

241 4269 396 4354 Legatur:
424 4269 471 4344 δὸς
494 4291 551 4356 pro
578 4293 636 4348 μοι.
